1637 2917
251 135 415 197 L'1B.
456 132 622 196 XVI.
668 151 1051 207 ΑΝΝΑΜΙ]4
1080 156 1145 195 Μ.
1234 143 1353 214 329²

77 238 229 298 'dista
265 285 282 310 ‚
340 237 498 295 tanto
557 232 796 292 ferocius
848 234 1130 316 respondit
1175 236 1346 296 Nero,
1369 255 1559 290 ===

86 324 258 381 «Huc
289 319 523 400 quidem
555 318 758 376 merito
780 318 1007 390 venisti,
1038 340 1096 376 ut
1119 318 1346 400 praesens
1365 313 1416 352 A.
1437 313 1486 350 U·
1509 313 1556 351 C·

73 434 106 460 :0
117 401 376 488 praesente
401 424 493 461 me
523 399 784 460 fruerere.
815 402 846 463 J
853 423 947 459 ura
968 446 992 472 ,.
1009 425 1111 460 nec
1135 425 1165 459 a
1190 423 1342 484 patre
1391 383 1518 499 ξιξ

70 487 308 547 :orelicsta
328 535 346 560 ,
373 510 475 546 nec
502 510 532 544 a
557 483 816 543 fratribus
835 533 851 557 ,
877 484 1004 542 licet
1029 484 1304 544 dediss'ent
1324 534 1340 559 ,
1419 484 1481 566 '66
1499 481 1513 496 ⁶

70 569 353 643 mservata‚
383 596 414 630 a
435 592 527 629 me
551 590 779 651 accepta
797 567 1020 627 habete.
1041 569 1130 627 Te
1150 591 1344 652 regem
1487 550 1512 580 ε

68 654 397 714 »Armeniae
437 653 529 711 do,
581 653 676 710 Tu
697 700 713 724 ‚
743 649 948 733 vosque
974 674 1172 710 omnes
1197 700 1213 724 ,
1252 677 1344 712 me

67 767 102 793 ω
117 760 285 819 regna
305 737 436 795 dare
458 744 515 795 &
539 735 790 794 adimere
807 735 1105 816 intelligite
1125 763 1184 793 n.
1201 737 1345 793 Mox

31 820 368 891 ,Tiridaten
399 867 415 891 ‚
462 840 558 902 per
599 818 876 878 devexum
915 818 1193 902 pulpitum
1219 817 1343 877 sub-

67 924 299 965 euntem
327 951 343 975 ,
387 901 459 961 ad
492 925 673 984 genua
705 902 966 978 admisit3
1010 901 1343 961 allevatum-

66 1009 175 1068 que
200 984 392 1045 dextra
419 984 756 1045 exosculatus
777 988 869 1045 est.
918 986 1074 1044 Dein
1104 1007 1343 1065 regnum

63 1092 391 1154 precantem
426 1118 442 1142 ‚
498 1067 634 1127 tiara
691 1068 929 1129 deducta
952 1116 970 1140 ‚
1022 1067 1344 1127 diademate

63 1154 276 1214 evinxit
299 1179 312 1211 ε
337 1152 639 1236 plaudente
667 1152 1060 1224 multitudine,
1092 1160 1151 1212 δε
1172 1151 1341 1211 verba

4 1288 12 1318 7
62 1236 324 1320 supplicis
346 1285 362 1309 ,
399 1236 656 1321 praetorio
679 1238 800 1296 viro
831 1237 1190 1318 interpretata
1210 1284 1227 1309 ,
1258 1236 1344 1303 ina⁴

65 1341 410 1403 geminante.

43 1415 58 1432 ⁸
144 1407 327 1465 XLII.
353 1406 523 1462 INDE
551 1403 623 1463 ad
637 1403 896 1487 Pompeii
917 1403 1202 1463 theatrum
1228 1401 1338 1463 dis-

63 1490 272 1556 cessum
296 1489 386 1549 est.
413 1489 744 1568 Numquam
770 1508 923 1547 tanta
941 1488 1195 1570 apparuit
1221 1488 1350 1548 auri

13 1604 17 1613 ·
57 1578 257 1640 vilitas.
307 1574 438 1632 Non
492 1571 673 1629 modo
714 1561 875 1630 scena
899 1619 917 1644 ‚
963 1571 1061 1630 sed
1106 1573 1339 1631 interior

58 1658 264 1723 theatri
286 1656 530 1716 ambitus
552 1676 688 1714 auro
706 1675 960 1736 opertus:
988 1654 1132 1714 illud
1153 1656 1339 1715 inum-

57 1743 296 1806 brabant
321 1738 445 1800 vela
468 1760 772 1822 purpurea,
801 1760 1044 1819 quorum
1067 1739 1255 1799 media
1276 1740 1338 1800 in

57 1849 213 1915 parte
241 1826 395 1884 Nero
425 1871 442 1896 ,
485 1820 672 1881 currus
702 1823 942 1904 agitator
970 1870 987 1894 ‚
1024 1846 1126 1882 acu
1159 1824 1336 1906 pictus

55 1911 370 1979 videbatur,
389 1906 566 1965 aureis
588 1904 752 1965 stellis
776 1906 1168 1966 circumdatus,
1182 1906 1337 1969 Ante

43 1986 366 2057 ⁴consessum
390 2039 407 2063 ‚
431 1986 609 2049 rursus
635 2013 665 2047 a
686 1989 946 2049 Tiridate
966 1988 1336 2074 supplicatum

56 2083 160 2143 est:
184 2074 391 2137 deinde
417 2081 568 2155 juxta
593 2072 915 2157 Principem
942 2073 1114 2135 latere
1137 2075 1336 2135 dextro

55 2164 360 2225 collocatus
388 2206 404 2230 ‚
453 2155 717 2238 spectavit
762 2157 923 2217 ludos
958 2206 975 2230 ,
1027 2160 1087 2217 in
1129 2159 1333 2241 quibus

8 2251 37 2314 Σῖῗ,
55 2245 200 2310 nihil
249 2241 572 2324 usurpatum
609 2288 626 2312 ‚
682 2240 784 2320 nisi
840 2263 974 2300 auro
1026 2241 1330 2326 fulgidum.

9 2323 38 2404 ,ἐξ
54 2333 245 2395 Aurea
289 2324 585 2385 oculorum
625 2323 999 2384 delinimenta
1044 2326 1331 2409 pretiosius

12 2419 37 2483 'f'
56 2411 380 2476 convivium
405 2407 638 2489 excepit.
663 2410 788 2467 Post
811 2408 1025 2469 rediere
1050 2410 1206 2482 ludi,
1234 2409 1332 2470 sed·

9 2494 332 2571 &dedecore
373 2492 746 2574 Imperatorio
785 2489 943 2553 foedi.
1008 2495 1328 2574 Principem

7 2576 212 2662 -''?··4gn‘1m
250 2574 402 2637 haud
440 2574 640 2659 puduit
688 2575 898 2637 cithara
940 2575 1219 2638 ludicrum
1266 2579 1334 2641 in,
