<?xml version="1.0" encoding="UTF-8"?>
<!DOCTYPE html PUBLIC "-//W3C//DTD XHTML 1.0 Transitional//EN"
    "http://www.w3.org/TR/xhtml1/DTD/xhtml1-transitional.dtd">
<html xmlns="http://www.w3.org/1999/xhtml" xml:lang="en" lang="en">
 <head>
  <title>
</title>
<meta http-equiv="Content-Type" content="text/html;charset=utf-8" />
  <meta name='ocr-system' content='tesseract 3.04.00' />
  <meta name='ocr-capabilities' content='ocr_page ocr_carea ocr_par ocr_line ocrx_word'/>
</head>
<body>
  <div class='ocr_page' id='page_1' title='image "./ccorneliitacitio03taci_0188.png"; bbox 0 0 1659 2917; ppageno 0'>
   <div class='ocr_carea' id='block_1_1' title="bbox 285 167 1365 264">
    <p class='ocr_par' dir='ltr' id='par_1_1' title="bbox 285 167 1365 264">
     <span class='ocr_line' id='line_1_1' title="bbox 285 167 1365 264; baseline 0.006 -31"><span class='ocrx_word' id='word_1_1' title='bbox 285 181 399 264; x_wconf 26' lang='lat'>¹78¹</span> <span class='ocrx_word' id='word_1_2' title='bbox 469 175 542 234; x_wconf 91' lang='lat' dir='ltr'>C.</span> <span class='ocrx_word' id='word_1_3' title='bbox 581 167 1015 237; x_wconf 62' lang='lat' dir='ltr'>Connntn</span> <span class='ocrx_word' id='word_1_4' title='bbox 1063 179 1365 240; x_wconf 66' lang='lat' dir='ltr'>TAcmz</span> 
     </span>
    </p>
   </div>
   <div class='ocr_carea' id='block_1_2' title="bbox 61 273 1580 446">
    <p class='ocr_par' dir='ltr' id='par_1_2' title="bbox 61 273 1580 446">
     <span class='ocr_line' id='line_1_2' title="bbox 61 273 1580 340; baseline 0.006 -9"><span class='ocrx_word' id='word_1_5' title='bbox 61 297 253 328; x_wconf 54' lang='grc' dir='ltr'>εῖτ-επ</span> <span class='ocrx_word' id='word_1_6' title='bbox 277 273 522 334; x_wconf 91' lang='lat' dir='ltr'>studium</span> <span class='ocrx_word' id='word_1_7' title='bbox 555 275 762 335; x_wconf 64' lang='lat' dir='ltr'>cithara</span> <span class='ocrx_word' id='word_1_8' title='bbox 793 276 1073 336; x_wconf 87' lang='lat' dir='ltr'>ludicrum</span> <span class='ocrx_word' id='word_1_9' title='bbox 1107 279 1165 337; x_wconf 87' lang='lat' dir='ltr'>in</span> <span class='ocrx_word' id='word_1_10' title='bbox 1195 280 1436 338; x_wconf 87' lang='lat' dir='ltr'>modum</span> <span class='ocrx_word' id='word_1_11' title='bbox 1464 288 1580 340; x_wconf 42' lang='lat' dir='ltr'>ca·-ss</span> 
     </span>
     <span class='ocr_line' id='line_1_3' title="bbox 63 357 1559 446; baseline 0.005 -29"><span class='ocrx_word' id='word_1_12' title='bbox 63 358 254 401; x_wconf 75' lang='lat' dir='ltr'><strong>A.U.C.</strong></span> <span class='ocrx_word' id='word_1_13' title='bbox 279 379 412 419; x_wconf 87' lang='lat' dir='ltr'>nere</span> <span class='ocrx_word' id='word_1_14' title='bbox 442 407 460 432; x_wconf 82' lang='lat'>‚</span> <span class='ocrx_word' id='word_1_15' title='bbox 511 357 642 418; x_wconf 74' lang='lat' dir='ltr'>cum</span> <span class='ocrx_word' id='word_1_16' title='bbox 682 383 943 421; x_wconf 85' lang='lat' dir='ltr'>cenaret:</span> <span class='ocrx_word' id='word_1_17' title='bbox 985 363 1139 442; x_wconf 88' lang='lat' dir='ltr'>quod</span> <span class='ocrx_word' id='word_1_18' title='bbox 1185 364 1461 446; x_wconf 61' lang='lat' dir='ltr'>“regibus</span> <span class='ocrx_word' id='word_1_19' title='bbox 1500 372 1559 424; x_wconf 82' lang='lat'>&amp;</span> 
     </span>
    </p>
   </div>
   <div class='ocr_carea' id='block_1_3' title="bbox 61 329 253 338">
    <p class='ocr_par' dir='ltr' id='par_1_3' title="bbox 61 329 253 338">
     <span class='ocr_line' id='line_1_4' title="bbox 61 329 253 338; baseline 0 2579"><span class='ocrx_word' id='word_1_20' title='bbox 61 329 253 338; x_wconf 95' lang='lat' dir='ltr'> </span> 
     </span>
    </p>
   </div>
   <div class='ocr_carea' id='block_1_4' title="bbox 96 428 230 544">
    <p class='ocr_par' dir='ltr' id='par_1_4' title="bbox 96 428 230 544">
     <span class='ocr_line' id='line_1_5' title="bbox 110 428 220 471; baseline 0.009 -1"><span class='ocrx_word' id='word_1_21' title='bbox 110 428 220 471; x_wconf 83' lang='lat'>812.</span> 
     </span>
     <span class='ocr_line' id='line_1_6' title="bbox 96 501 230 544; baseline -0.015 0"><span class='ocrx_word' id='word_1_22' title='bbox 96 501 140 544; x_wconf 80' lang='lat' dir='ltr'>J.</span> <span class='ocrx_word' id='word_1_23' title='bbox 175 501 230 542; x_wconf 86' lang='lat' dir='ltr'>C.</span> 
     </span>
    </p>
   </div>
   <div class='ocr_carea' id='block_1_5' title="bbox 123 580 205 629">
    <p class='ocr_par' dir='ltr' id='par_1_5' title="bbox 123 580 205 629">
     <span class='ocr_line' id='line_1_7' title="bbox 123 580 205 629; baseline -0.085 0"><span class='ocrx_word' id='word_1_24' title='bbox 123 580 205 629; x_wconf 77' lang='lat'>59·</span> 
     </span>
    </p>
   </div>
   <div class='ocr_carea' id='block_1_6' title="bbox 279 443 1577 1198">
    <p class='ocr_par' dir='ltr' id='par_1_6' title="bbox 279 443 1577 1198">
     <span class='ocr_line' id='line_1_8' title="bbox 281 443 1560 525; baseline 0.005 -27"><span class='ocrx_word' id='word_1_25' title='bbox 281 444 568 525; x_wconf 57' lang='lat' dir='ltr'>„antiquis</span> <span class='ocrx_word' id='word_1_26' title='bbox 601 443 835 504; x_wconf 84' lang='lat' dir='ltr'>ducibus</span> <span class='ocrx_word' id='word_1_27' title='bbox 867 443 1182 503; x_wconf 61' lang='lat' dir='ltr'>factitatum</span> <span class='ocrx_word' id='word_1_28' title='bbox 1202 476 1234 499; x_wconf 63' lang='grc' dir='ltr'>ιο</span> <span class='ocrx_word' id='word_1_29' title='bbox 1279 469 1560 506; x_wconf 79' lang='lat' dir='ltr'>memora-</span> 
     </span>
     <span class='ocr_line' id='line_1_9' title="bbox 284 526 1561 609; baseline 0.003 -23"><span class='ocrx_word' id='word_1_30' title='bbox 284 527 380 587; x_wconf 87' lang='lat' dir='ltr'>bat</span> <span class='ocrx_word' id='word_1_31' title='bbox 407 552 418 585; x_wconf 91' lang='lat'><strong>:</strong></span> <span class='ocrx_word' id='word_1_32' title='bbox 451 555 484 578; x_wconf 65' lang='lat' dir='ltr'>cc</span> <span class='ocrx_word' id='word_1_33' title='bbox 501 526 673 609; x_wconf 89' lang='lat' dir='ltr'>idque</span> <span class='ocrx_word' id='word_1_34' title='bbox 702 549 893 588; x_wconf 85' lang='lat' dir='ltr'>vatum</span> <span class='ocrx_word' id='word_1_35' title='bbox 919 528 1175 587; x_wconf 82' lang='lat' dir='ltr'>laudibus</span> <span class='ocrx_word' id='word_1_36' title='bbox 1201 529 1419 590; x_wconf 83' lang='lat' dir='ltr'>celebre</span> <span class='ocrx_word' id='word_1_37' title='bbox 1443 577 1460 602; x_wconf 88' lang='lat'>,</span> <span class='ocrx_word' id='word_1_38' title='bbox 1502 539 1561 590; x_wconf 74' lang='grc' dir='ltr'>δε</span> 
     </span>
     <span class='ocr_line' id='line_1_10' title="bbox 281 612 1562 673; baseline 0.005 -7"><span class='ocrx_word' id='word_1_39' title='bbox 281 612 566 671; x_wconf 65' lang='lat' dir='ltr'>»deorum</span> <span class='ocrx_word' id='word_1_40' title='bbox 583 612 786 670; x_wconf 88' lang='lat' dir='ltr'>honori</span> <span class='ocrx_word' id='word_1_41' title='bbox 805 613 1019 672; x_wconf 87' lang='lat' dir='ltr'>datum.</span> <span class='ocrx_word' id='word_1_42' title='bbox 1044 614 1348 673; x_wconf 87' lang='lat' dir='ltr'>Enimvero</span> <span class='ocrx_word' id='word_1_43' title='bbox 1369 634 1562 673; x_wconf 86' lang='lat' dir='ltr'>cantus</span> 
     </span>
     <span class='ocr_line' id='line_1_11' title="bbox 279 693 1561 778; baseline 0.004 -27"><span class='ocrx_word' id='word_1_44' title='bbox 279 694 582 778; x_wconf 67' lang='lat' dir='ltr'>:uApollini</span> <span class='ocrx_word' id='word_1_45' title='bbox 604 693 808 769; x_wconf 78' lang='lat' dir='ltr'>sacrOS,</span> <span class='ocrx_word' id='word_1_46' title='bbox 848 695 1056 777; x_wconf 85' lang='lat' dir='ltr'>talique</span> <span class='ocrx_word' id='word_1_47' title='bbox 1083 718 1282 756; x_wconf 87' lang='lat' dir='ltr'>ornatu</span> <span class='ocrx_word' id='word_1_48' title='bbox 1310 697 1519 756; x_wconf 80' lang='lat' dir='ltr'>adstare</span> <span class='ocrx_word' id='word_1_49' title='bbox 1543 744 1561 771; x_wconf 86' lang='lat'>,</span> 
     </span>
     <span class='ocr_line' id='line_1_12' title="bbox 281 779 1565 853; baseline 0.002 -17"><span class='ocrx_word' id='word_1_50' title='bbox 281 803 445 837; x_wconf 75' lang='lat' dir='ltr'>annon</span> <span class='ocrx_word' id='word_1_51' title='bbox 479 779 654 837; x_wconf 72' lang='lat' dir='ltr'>modo</span> <span class='ocrx_word' id='word_1_52' title='bbox 682 781 885 838; x_wconf 64' lang='lat' dir='ltr'>Graecis</span> <span class='ocrx_word' id='word_1_53' title='bbox 921 781 980 837; x_wconf 89' lang='lat' dir='ltr'>in</span> <span class='ocrx_word' id='word_1_54' title='bbox 1013 780 1239 839; x_wconf 80' lang='lat' dir='ltr'>urbibus</span> <span class='ocrx_word' id='word_1_55' title='bbox 1261 829 1278 853; x_wconf 83' lang='lat'>‚</span> <span class='ocrx_word' id='word_1_56' title='bbox 1323 779 1419 840; x_wconf 90' lang='lat' dir='ltr'>sed</span> <span class='ocrx_word' id='word_1_57' title='bbox 1448 782 1565 840; x_wconf 86' lang='lat' dir='ltr'>Ro-</span> 
     </span>
     <span class='ocr_line' id='line_1_13' title="bbox 282 862 1562 947; baseline 0.005 -28"><span class='ocrx_word' id='word_1_58' title='bbox 282 886 497 922; x_wconf 70' lang='lat' dir='ltr'>aomana</span> <span class='ocrx_word' id='word_1_59' title='bbox 519 862 666 944; x_wconf 87' lang='lat' dir='ltr'>apud</span> <span class='ocrx_word' id='word_1_60' title='bbox 688 863 899 946; x_wconf 88' lang='lat' dir='ltr'>templa</span> <span class='ocrx_word' id='word_1_61' title='bbox 919 911 934 934; x_wconf 82' lang='lat'>‚</span> <span class='ocrx_word' id='word_1_62' title='bbox 961 887 1173 923; x_wconf 87' lang='lat' dir='ltr'>numen</span> <span class='ocrx_word' id='word_1_63' title='bbox 1192 866 1527 947; x_wconf 60' lang='lat' dir='ltr'>praecipuum</span> <span class='ocrx_word' id='word_1_64' title='bbox 1542 910 1562 936; x_wconf 87' lang='lat'>,</span> 
     </span>
     <span class='ocr_line' id='line_1_14' title="bbox 285 946 1577 1030; baseline 0.002 -27"><span class='ocrx_word' id='word_1_65' title='bbox 285 957 387 1008; x_wconf 76' lang='lat'>20&amp;</span> <span class='ocrx_word' id='word_1_66' title='bbox 428 946 710 1028; x_wconf 63' lang='lat' dir='ltr'>praescium</span> <span class='ocrx_word' id='word_1_67' title='bbox 729 977 786 1006; x_wconf 77' lang='lat'>22.</span> <span class='ocrx_word' id='word_1_68' title='bbox 838 948 893 1004; x_wconf 94' lang='lat' dir='ltr'>N</span> <span class='ocrx_word' id='word_1_69' title='bbox 897 969 958 1005; x_wconf 93' lang='lat' dir='ltr'>ec</span> <span class='ocrx_word' id='word_1_70' title='bbox 998 955 1113 1029; x_wconf 84' lang='lat' dir='ltr'>jam</span> <span class='ocrx_word' id='word_1_71' title='bbox 1161 948 1262 1006; x_wconf 79' lang='lat' dir='ltr'>fisti</span> <span class='ocrx_word' id='word_1_72' title='bbox 1306 968 1523 1030; x_wconf 86' lang='lat' dir='ltr'>poterat</span> <span class='ocrx_word' id='word_1_73' title='bbox 1543 960 1577 1019; x_wconf 80' lang='lat'>‚&#39;</span> 
     </span>
     <span class='ocr_line' id='line_1_15' title="bbox 287 1030 1565 1112; baseline 0 -22"><span class='ocrx_word' id='word_1_74' title='bbox 287 1031 419 1090; x_wconf 76' lang='lat' dir='ltr'>cum</span> <span class='ocrx_word' id='word_1_75' title='bbox 446 1032 664 1088; x_wconf 82' lang='lat' dir='ltr'>Senecae</span> <span class='ocrx_word' id='word_1_76' title='bbox 690 1054 750 1089; x_wconf 85' lang='lat' dir='ltr'>ac</span> <span class='ocrx_word' id='word_1_77' title='bbox 774 1033 950 1088; x_wconf 86' lang='lat' dir='ltr'>Burro</span> <span class='ocrx_word' id='word_1_78' title='bbox 978 1030 1155 1090; x_wconf 88' lang='lat' dir='ltr'>visum</span> <span class='ocrx_word' id='word_1_79' title='bbox 1174 1080 1190 1103; x_wconf 84' lang='grc'>,</span> <span class='ocrx_word' id='word_1_80' title='bbox 1235 1053 1304 1090; x_wconf 86' lang='lat' dir='ltr'>ne</span> <span class='ocrx_word' id='word_1_81' title='bbox 1332 1052 1565 1112; x_wconf 85' lang='lat' dir='ltr'>utraque</span> 
     </span>
     <span class='ocr_line' id='line_1_16' title="bbox 289 1113 1568 1198; baseline -0.001 -25"><span class='ocrx_word' id='word_1_82' title='bbox 289 1114 638 1198; x_wconf 81' lang='lat' dir='ltr'>pervinceret</span> <span class='ocrx_word' id='word_1_83' title='bbox 661 1161 677 1185; x_wconf 87' lang='lat'>‚</span> <span class='ocrx_word' id='word_1_84' title='bbox 717 1113 956 1172; x_wconf 86' lang='lat' dir='ltr'>alterum</span> <span class='ocrx_word' id='word_1_85' title='bbox 998 1115 1326 1173; x_wconf 85' lang='lat' dir='ltr'>concedere.</span> <span class='ocrx_word' id='word_1_86' title='bbox 1395 1114 1568 1174; x_wconf 87' lang='lat' dir='ltr'>Clau-</span> 
     </span>
    </p>
   </div>
   <div class='ocr_carea' id='block_1_7' title="bbox 247 1196 1581 1280">
    <p class='ocr_par' dir='ltr' id='par_1_7' title="bbox 247 1196 1581 1280">
     <span class='ocr_line' id='line_1_17' title="bbox 247 1196 1581 1280; baseline -0.001 -23"><span class='ocrx_word' id='word_1_87' title='bbox 247 1218 249 1221; x_wconf 88' lang='grc'><strong><em>·</em></strong></span> <span class='ocrx_word' id='word_1_88' title='bbox 291 1197 526 1278; x_wconf 84' lang='lat' dir='ltr'>sumque</span> <span class='ocrx_word' id='word_1_89' title='bbox 556 1196 699 1256; x_wconf 86' lang='lat' dir='ltr'>valle</span> <span class='ocrx_word' id='word_1_90' title='bbox 734 1197 1008 1258; x_wconf 58' lang='lat' dir='ltr'>Vaticana</span> <span class='ocrx_word' id='word_1_91' title='bbox 1046 1197 1282 1280; x_wconf 86' lang='lat' dir='ltr'>spatium</span> <span class='ocrx_word' id='word_1_92' title='bbox 1306 1245 1323 1268; x_wconf 86' lang='lat'>,</span> <span class='ocrx_word' id='word_1_93' title='bbox 1365 1198 1423 1255; x_wconf 90' lang='lat' dir='ltr'>in</span> <span class='ocrx_word' id='word_1_94' title='bbox 1453 1219 1581 1280; x_wconf 78' lang='lat' dir='ltr'>quo·</span> 
     </span>
    </p>
   </div>
   <div class='ocr_carea' id='block_1_8' title="bbox 289 1280 1577 2032">
    <p class='ocr_par' dir='ltr' id='par_1_8' title="bbox 289 1280 1577 2032">
     <span class='ocr_line' id='line_1_18' title="bbox 291 1280 1577 1364; baseline -0.002 -22"><span class='ocrx_word' id='word_1_95' title='bbox 291 1305 466 1363; x_wconf 88' lang='lat' dir='ltr'>equos</span> <span class='ocrx_word' id='word_1_96' title='bbox 499 1302 716 1363; x_wconf 83' lang='lat' dir='ltr'>regeret</span> <span class='ocrx_word' id='word_1_97' title='bbox 740 1329 755 1353; x_wconf 83' lang='lat'>,</span> <span class='ocrx_word' id='word_1_98' title='bbox 805 1281 955 1339; x_wconf 82' lang='lat' dir='ltr'>haud</span> <span class='ocrx_word' id='word_1_99' title='bbox 1006 1281 1320 1363; x_wconf 76' lang='lat' dir='ltr'>promiscuo</span> <span class='ocrx_word' id='word_1_100' title='bbox 1363 1280 1577 1364; x_wconf 48' lang='grc' dir='ltr'>[μᾶλα</span> 
     </span>
     <span class='ocr_line' id='line_1_19' title="bbox 290 1365 1570 1448; baseline -0.001 -23"><span class='ocrx_word' id='word_1_101' title='bbox 290 1365 448 1425; x_wconf 87' lang='lat' dir='ltr'>culo:</span> <span class='ocrx_word' id='word_1_102' title='bbox 474 1387 604 1422; x_wconf 84' lang='lat' dir='ltr'>mox</span> <span class='ocrx_word' id='word_1_103' title='bbox 623 1365 771 1422; x_wconf 87' lang='lat' dir='ltr'>ultro</span> <span class='ocrx_word' id='word_1_104' title='bbox 791 1365 975 1423; x_wconf 86' lang='lat' dir='ltr'>vocari</span> <span class='ocrx_word' id='word_1_105' title='bbox 995 1365 1229 1448; x_wconf 87' lang='lat' dir='ltr'>populus</span> <span class='ocrx_word' id='word_1_106' title='bbox 1244 1368 1536 1425; x_wconf 81' lang='lat' dir='ltr'>Romanus</span> <span class='ocrx_word' id='word_1_107' title='bbox 1549 1411 1570 1438; x_wconf 91' lang='lat'>‚</span> 
     </span>
     <span class='ocr_line' id='line_1_20' title="bbox 290 1447 1573 1531; baseline 0 -24"><span class='ocrx_word' id='word_1_108' title='bbox 290 1447 658 1528; x_wconf 75' lang='lat' dir='ltr'>laudibusque</span> <span class='ocrx_word' id='word_1_109' title='bbox 696 1447 964 1506; x_wconf 85' lang='lat' dir='ltr'>extollere</span> <span class='ocrx_word' id='word_1_110' title='bbox 989 1495 1006 1521; x_wconf 85' lang='lat'>‚</span> <span class='ocrx_word' id='word_1_111' title='bbox 1047 1470 1107 1507; x_wconf 86' lang='lat' dir='ltr'>ut</span> <span class='ocrx_word' id='word_1_112' title='bbox 1130 1451 1205 1522; x_wconf 87' lang='lat' dir='ltr'>est</span> <span class='ocrx_word' id='word_1_113' title='bbox 1240 1449 1436 1531; x_wconf 83' lang='lat' dir='ltr'>vulgus</span> <span class='ocrx_word' id='word_1_114' title='bbox 1473 1472 1573 1508; x_wconf 85' lang='lat' dir='ltr'>cu-</span> 
     </span>
     <span class='ocr_line' id='line_1_21' title="bbox 289 1529 1570 1616; baseline 0.001 -26"><span class='ocrx_word' id='word_1_115' title='bbox 289 1533 448 1616; x_wconf 86' lang='lat' dir='ltr'>piens</span> <span class='ocrx_word' id='word_1_116' title='bbox 472 1531 824 1613; x_wconf 85' lang='lat' dir='ltr'>voluptatum</span> <span class='ocrx_word' id='word_1_117' title='bbox 846 1580 862 1603; x_wconf 81' lang='grc'>,</span> <span class='ocrx_word' id='word_1_118' title='bbox 897 1540 954 1590; x_wconf 84' lang='lat'>&amp;</span> <span class='ocrx_word' id='word_1_119' title='bbox 971 1578 987 1602; x_wconf 82' lang='grc'>,</span> <span class='ocrx_word' id='word_1_120' title='bbox 1014 1529 1051 1588; x_wconf 91' lang='lat' dir='ltr'>s1</span> <span class='ocrx_word' id='word_1_121' title='bbox 1078 1532 1283 1590; x_wconf 76' lang='lat' dir='ltr'>eodem</span> <span class='ocrx_word' id='word_1_122' title='bbox 1310 1533 1570 1614; x_wconf 87' lang='lat' dir='ltr'>Princeps</span> 
     </span>
     <span class='ocr_line' id='line_1_22' title="bbox 291 1613 1575 1698; baseline -0.002 -23"><span class='ocrx_word' id='word_1_123' title='bbox 291 1616 504 1686; x_wconf 82' lang='lat' dir='ltr'>trahat,</span> <span class='ocrx_word' id='word_1_124' title='bbox 537 1614 743 1673; x_wconf 63' lang='lat' dir='ltr'>laetum.</span> <span class='ocrx_word' id='word_1_125' title='bbox 773 1613 1052 1674; x_wconf 73' lang='lat' dir='ltr'>Ceterum</span> <span class='ocrx_word' id='word_1_126' title='bbox 1078 1615 1364 1698; x_wconf 82' lang='lat' dir='ltr'>evulgatus</span> <span class='ocrx_word' id='word_1_127' title='bbox 1390 1615 1575 1698; x_wconf 78' lang='lat' dir='ltr'>pudor</span> 
     </span>
     <span class='ocr_line' id='line_1_23' title="bbox 291 1696 1572 1775; baseline -0.001 -17"><span class='ocrx_word' id='word_1_128' title='bbox 291 1722 410 1758; x_wconf 89' lang='lat' dir='ltr'>non</span> <span class='ocrx_word' id='word_1_129' title='bbox 439 1697 753 1757; x_wconf 86' lang='lat' dir='ltr'>satietatem</span> <span class='ocrx_word' id='word_1_130' title='bbox 773 1745 788 1769; x_wconf 90' lang='lat'>‚</span> <span class='ocrx_word' id='word_1_131' title='bbox 830 1717 891 1756; x_wconf 91' lang='lat' dir='ltr'>ut</span> <span class='ocrx_word' id='word_1_132' title='bbox 916 1698 1178 1756; x_wconf 83' lang='lat' dir='ltr'>rebantur</span> <span class='ocrx_word' id='word_1_133' title='bbox 1196 1747 1212 1775; x_wconf 88' lang='lat'><em>,</em></span> <span class='ocrx_word' id='word_1_134' title='bbox 1253 1696 1349 1757; x_wconf 89' lang='lat' dir='ltr'>sed</span> <span class='ocrx_word' id='word_1_135' title='bbox 1371 1700 1572 1757; x_wconf 87' lang='lat' dir='ltr'>incita-</span> 
     </span>
     <span class='ocr_line' id='line_1_24' title="bbox 293 1780 1572 1861; baseline -0.002 -19"><span class='ocrx_word' id='word_1_136' title='bbox 293 1803 558 1842; x_wconf 86' lang='lat' dir='ltr'>mentum</span> <span class='ocrx_word' id='word_1_137' title='bbox 576 1780 1064 1861; x_wconf 84' lang='lat' dir='ltr'>attulit.Ratusque</span> <span class='ocrx_word' id='word_1_138' title='bbox 1079 1781 1322 1841; x_wconf 86' lang='lat' dir='ltr'>dedecus</span> <span class='ocrx_word' id='word_1_139' title='bbox 1340 1781 1572 1855; x_wconf 87' lang='lat' dir='ltr'>molliri,</span> 
     </span>
     <span class='ocr_line' id='line_1_25' title="bbox 295 1863 1572 1946; baseline -0.002 -21"><span class='ocrx_word' id='word_1_140' title='bbox 295 1866 336 1925; x_wconf 88' lang='lat' dir='ltr'><strong>fi</strong></span> <span class='ocrx_word' id='word_1_141' title='bbox 368 1865 548 1946; x_wconf 88' lang='lat' dir='ltr'>plures</span> <span class='ocrx_word' id='word_1_142' title='bbox 589 1863 842 1924; x_wconf 81' lang='lat' dir='ltr'>foedaffet</span> <span class='ocrx_word' id='word_1_143' title='bbox 863 1912 880 1936; x_wconf 86' lang='grc'>,</span> <span class='ocrx_word' id='word_1_144' title='bbox 917 1864 1198 1924; x_wconf 80' lang='lat' dir='ltr'>nobilium</span> <span class='ocrx_word' id='word_1_145' title='bbox 1227 1863 1572 1931; x_wconf 77' lang='lat' dir='ltr'>familiarum</span> 
     </span>
     <span class='ocr_line' id='line_1_26' title="bbox 294 1947 1572 2032; baseline 0.002 -26"><span class='ocrx_word' id='word_1_146' title='bbox 294 1950 569 2032; x_wconf 82' lang='lat' dir='ltr'>posterOS,</span> <span class='ocrx_word' id='word_1_147' title='bbox 597 1950 832 2029; x_wconf 85' lang='lat' dir='ltr'>egestate</span> <span class='ocrx_word' id='word_1_148' title='bbox 856 1947 1076 2007; x_wconf 84' lang='lat' dir='ltr'>venales</span> <span class='ocrx_word' id='word_1_149' title='bbox 1099 1996 1114 2019; x_wconf 86' lang='lat'>‚</span> <span class='ocrx_word' id='word_1_150' title='bbox 1143 1949 1202 2006; x_wconf 91' lang='lat' dir='ltr'>in</span> <span class='ocrx_word' id='word_1_151' title='bbox 1228 1947 1450 2008; x_wconf 87' lang='lat' dir='ltr'>scenam</span> <span class='ocrx_word' id='word_1_152' title='bbox 1474 1948 1572 2008; x_wconf 86' lang='lat' dir='ltr'>de-</span> 
     </span>
    </p>
   </div>
   <div class='ocr_carea' id='block_1_9' title="bbox 269 2029 1576 2112">
    <p class='ocr_par' dir='ltr' id='par_1_9' title="bbox 269 2029 1576 2112">
     <span class='ocr_line' id='line_1_27' title="bbox 269 2029 1576 2112; baseline 0.001 -22"><span class='ocrx_word' id='word_1_153' title='bbox 269 2043 273 2046; x_wconf 80' lang='grc'><strong>’</strong></span> <span class='ocrx_word' id='word_1_154' title='bbox 295 2032 454 2090; x_wconf 83' lang='lat' dir='ltr'>duxit</span> <span class='ocrx_word' id='word_1_155' title='bbox 482 2056 493 2088; x_wconf 80' lang='lat' dir='ltr'>z</span> <span class='ocrx_word' id='word_1_156' title='bbox 520 2053 659 2111; x_wconf 88' lang='lat' dir='ltr'>quos</span> <span class='ocrx_word' id='word_1_157' title='bbox 686 2029 803 2089; x_wconf 88' lang='lat' dir='ltr'>fato</span> <span class='ocrx_word' id='word_1_158' title='bbox 826 2029 1144 2112; x_wconf 69' lang='lat' dir='ltr'>perfunctos</span> <span class='ocrx_word' id='word_1_159' title='bbox 1169 2079 1185 2103; x_wconf 81' lang='lat'>‚</span> <span class='ocrx_word' id='word_1_160' title='bbox 1217 2055 1288 2091; x_wconf 90' lang='lat' dir='ltr'>ne</span> <span class='ocrx_word' id='word_1_161' title='bbox 1315 2032 1576 2091; x_wconf 83' lang='lat' dir='ltr'>nomina-</span> 
     </span>
    </p>
   </div>
   <div class='ocr_carea' id='block_1_10' title="bbox 294 2113 1575 2701">
    <p class='ocr_par' dir='ltr' id='par_1_10' title="bbox 294 2113 1575 2701">
     <span class='ocr_line' id='line_1_28' title="bbox 294 2113 1575 2194; baseline 0 -20"><span class='ocrx_word' id='word_1_162' title='bbox 294 2116 405 2175; x_wconf 88' lang='lat' dir='ltr'>tim</span> <span class='ocrx_word' id='word_1_163' title='bbox 421 2113 660 2186; x_wconf 77' lang='lat' dir='ltr'>tradam&gt;</span> <span class='ocrx_word' id='word_1_164' title='bbox 674 2114 975 2194; x_wconf 79' lang='lat' dir='ltr'>majoribus</span> <span class='ocrx_word' id='word_1_165' title='bbox 992 2136 1186 2173; x_wconf 89' lang='lat' dir='ltr'>eorum</span> <span class='ocrx_word' id='word_1_166' title='bbox 1209 2115 1575 2174; x_wconf 86' lang='lat' dir='ltr'>tribuendum</span> 
     </span>
     <span class='ocr_line' id='line_1_29' title="bbox 297 2197 1574 2282; baseline 0 -24"><span class='ocrx_word' id='word_1_167' title='bbox 297 2219 453 2282; x_wconf 76' lang='lat' dir='ltr'>puto,</span> <span class='ocrx_word' id='word_1_168' title='bbox 482 2199 632 2256; x_wconf 88' lang='lat' dir='ltr'>Nam</span> <span class='ocrx_word' id='word_1_169' title='bbox 657 2207 714 2257; x_wconf 74' lang='grc' dir='ltr'>δε</span> <span class='ocrx_word' id='word_1_170' title='bbox 734 2205 848 2279; x_wconf 86' lang='lat' dir='ltr'>ejus</span> <span class='ocrx_word' id='word_1_171' title='bbox 866 2197 1140 2279; x_wconf 81' lang='lat' dir='ltr'>flagitium</span> <span class='ocrx_word' id='word_1_172' title='bbox 1158 2200 1259 2271; x_wconf 84' lang='lat' dir='ltr'>est,</span> <span class='ocrx_word' id='word_1_173' title='bbox 1291 2199 1387 2280; x_wconf 87' lang='lat' dir='ltr'>qui</span> <span class='ocrx_word' id='word_1_174' title='bbox 1409 2222 1574 2281; x_wconf 89' lang='lat' dir='ltr'>pecu-</span> 
     </span>
     <span class='ocr_line' id='line_1_30' title="bbox 297 2280 1574 2363; baseline 0.001 -22"><span class='ocrx_word' id='word_1_175' title='bbox 297 2283 454 2341; x_wconf 81' lang='lat' dir='ltr'>niam</span> <span class='ocrx_word' id='word_1_176' title='bbox 489 2281 564 2339; x_wconf 91' lang='lat' dir='ltr'>ob</span> <span class='ocrx_word' id='word_1_177' title='bbox 599 2280 800 2340; x_wconf 65' lang='lat' dir='ltr'>delicta</span> <span class='ocrx_word' id='word_1_178' title='bbox 832 2281 1014 2362; x_wconf 76' lang='lat' dir='ltr'>potius</span> <span class='ocrx_word' id='word_1_179' title='bbox 1052 2281 1211 2341; x_wconf 85' lang='lat' dir='ltr'>dedit</span> <span class='ocrx_word' id='word_1_180' title='bbox 1236 2330 1252 2354; x_wconf 90' lang='lat'>,</span> <span class='ocrx_word' id='word_1_181' title='bbox 1292 2282 1466 2363; x_wconf 69' lang='lat' dir='ltr'>quam</span> <span class='ocrx_word' id='word_1_182' title='bbox 1501 2305 1574 2342; x_wconf 90' lang='lat' dir='ltr'>ne</span> 
     </span>
     <span class='ocr_line' id='line_1_31' title="bbox 301 2365 1574 2447; baseline -0.001 -22"><span class='ocrx_word' id='word_1_183' title='bbox 301 2365 713 2445; x_wconf 83' lang='lat' dir='ltr'>delinquerent.</span> <span class='ocrx_word' id='word_1_184' title='bbox 757 2367 936 2424; x_wconf 89' lang='lat' dir='ltr'>Notos</span> <span class='ocrx_word' id='word_1_185' title='bbox 971 2388 1197 2447; x_wconf 88' lang='lat' dir='ltr'>quoque</span> <span class='ocrx_word' id='word_1_186' title='bbox 1225 2367 1437 2446; x_wconf 88' lang='lat' dir='ltr'>equites</span> <span class='ocrx_word' id='word_1_187' title='bbox 1452 2367 1574 2425; x_wconf 84' lang='lat' dir='ltr'>Ro-</span> 
     </span>
     <span class='ocr_line' id='line_1_32' title="bbox 303 2446 1563 2532; baseline -0.002 -22"><span class='ocrx_word' id='word_1_188' title='bbox 303 2472 501 2510; x_wconf 87' lang='lat' dir='ltr'>manos</span> <span class='ocrx_word' id='word_1_189' title='bbox 531 2471 721 2530; x_wconf 82' lang='lat' dir='ltr'>operas</span> <span class='ocrx_word' id='word_1_190' title='bbox 756 2472 929 2508; x_wconf 79' lang='lat' dir='ltr'>arenae</span> <span class='ocrx_word' id='word_1_191' title='bbox 962 2450 1289 2532; x_wconf 86' lang='lat' dir='ltr'>promittere</span> <span class='ocrx_word' id='word_1_192' title='bbox 1320 2446 1563 2531; x_wconf 86' lang='lat' dir='ltr'>subegit,</span> 
     </span>
     <span class='ocr_line' id='line_1_33' title="bbox 305 2531 1575 2614; baseline -0.001 -22"><span class='ocrx_word' id='word_1_193' title='bbox 305 2532 468 2592; x_wconf 82' lang='lat' dir='ltr'>donis</span> <span class='ocrx_word' id='word_1_194' title='bbox 483 2532 802 2614; x_wconf 84' lang='lat' dir='ltr'>ingentibus</span> <span class='ocrx_word' id='word_1_195' title='bbox 825 2557 837 2590; x_wconf 73' lang='grc' dir='ltr'>ι</span> <span class='ocrx_word' id='word_1_196' title='bbox 863 2532 961 2590; x_wconf 78' lang='lat' dir='ltr'>nisi</span> <span class='ocrx_word' id='word_1_197' title='bbox 978 2532 1129 2614; x_wconf 75' lang='lat' dir='ltr'>quod</span> <span class='ocrx_word' id='word_1_198' title='bbox 1153 2555 1363 2592; x_wconf 85' lang='lat' dir='ltr'>merces</span> <span class='ocrx_word' id='word_1_199' title='bbox 1382 2531 1451 2591; x_wconf 87' lang='lat' dir='ltr'>ab</span> <span class='ocrx_word' id='word_1_200' title='bbox 1475 2555 1575 2604; x_wconf 84' lang='lat' dir='ltr'>e0,</span> 
     </span>
     <span class='ocr_line' id='line_1_34' title="bbox 305 2613 1570 2701; baseline 0.002 -25"><span class='ocrx_word' id='word_1_201' title='bbox 305 2619 402 2701; x_wconf 86' lang='lat' dir='ltr'>qui</span> <span class='ocrx_word' id='word_1_202' title='bbox 424 2615 813 2701; x_wconf 88' lang='lat' dir='ltr'>juberepot-est</span> <span class='ocrx_word' id='word_1_203' title='bbox 832 2664 850 2691; x_wconf 85' lang='lat'>‚</span> <span class='ocrx_word' id='word_1_204' title='bbox 881 2617 998 2678; x_wconf 85' lang='lat' dir='ltr'>vim</span> <span class='ocrx_word' id='word_1_205' title='bbox 1020 2616 1344 2679; x_wconf 82' lang='lat' dir='ltr'>neceffitatis</span> <span class='ocrx_word' id='word_1_206' title='bbox 1370 2613 1570 2678; x_wconf 79' lang='lat' dir='ltr'>adfert.</span> 
     </span>
    </p>
   </div>
  </div>
 </body>
</html>
