1659 2917
50 261 245 289 a?

263 143 383 199 '118
483 139 556 199 C.
599 140 1021 199 Gonnum
1073 139 1367 200 TAcrrr

271 249 377 299 oc&
405 239 656 300 dividere
686 239 866 298 filium
889 288 905 312 ,
947 263 1066 321 quae
1104 247 1299 301 cunCta
1328 265 1393 302 ex
1418 236 1533 321 ipsa

54 318 174 359 A·U·
197 318 246 357 C·
267 323 539 383 „haberet
560 353 619 383 ω.
658 324 779 382 Nec
806 321 1035 383 defuere
1060 326 1157 405 qui
1192 327 1251 384 in
1290 325 1532 384 deterius

101 389 127 430 8

91 461 131 502 J.

106 540 129 588 5

131 399 158 428 0

165 388 208 431 8.

158 463 207 502 C.

139 537 185 582 5·

271 404 558 466 referrent.

355 492 514 550 XIV.
553 492 633 549 ET
662 490 836 547 NERO
865 536 881 560 ,
921 487 1166 548 infensus
1194 488 1259 546 iis
1281 534 1298 559 ‚
1332 487 1533 569 quibus

265 571 517 655 superbia
546 572 833 631 muliebris
856 572 1199 631 innitebatur
1215 619 1231 643 ,
1266 571 1535 630 demovet

268 656 579 715 Pallantem
623 654 751 714 cura
792 678 978 714 rerum
1002 703 1018 727 ,
1063 654 1184 735 quis
1223 677 1253 711 a
1289 653 1536 712 Claudio

267 739 555 822 impolitus
579 787 595 811 ‚
633 738 786 798 velut
819 738 1088 796 arbitrum
1128 737 1284 818 regni
1318 735 1535 818 agebat.

266 823 675 902 Ferebaturque
702 869 718 893 ‚
764 821 1128 903 degrediente
1178 843 1243 879 eo
1274 868 1290 892 ‚
1331 817 1538 902 magna
1607 854 1613 859 -

265 904 720 988 prosequentium
745 905 1106 964 multitudine
1125 952 1141 976 ,
1164 926 1280 961 non
1305 900 1537 961 absurde

268 987 458 1048 dixisse
487 1014 500 1046 ι
553 990 690 1046 «Ire
734 986 1044 1046 Pallantem
1075 1035 1091 1059 ,
1132 1009 1191 1045 ut
1227 993 1536 1066 ejuraret».

267 1074 405 1131 Sane
446 1072 731 1153 pepigerat
773 1070 985 1141 Pallas,
1039 1093 1159 1128 ncne
1206 1076 1356 1149 cujus
1405 1067 1538 1126 fasti

268 1156 371 1212 „in
399 1155 734 1236 praeteritum
763 1154 1198 1235 interrogaretur
1220 1199 1236 1223 ‚
1274 1150 1538 1234 paresque

268 1240 554 1297 ”rationes
579 1260 708 1295 cum
739 1235 1022 1317 republica
1048 1236 1353 1294 haberet».
1397 1237 1540 1292 Prae-

270 1345 397 1403 ceps
422 1323 537 1404 post
563 1321 673 1378 haec
702 1318 1014 1401 Agrippina
1034 1367 1050 1390 ‚
1093 1339 1249 1377 ruere
1275 1319 1333 1376 in
1361 1337 1539 1376 terro-

270 1427 392 1464 rem
433 1413 489 1463 &
522 1404 699 1460 minas
725 1449 741 1473 ‚
782 1425 965 1481 neque
1009 1401 1276 1482 Principis
1318 1400 1538 1459 autibus

272 1488 538 1546 abstinere
553 1534 568 1558 ‚
594 1485 895 1566 quominus
913 1485 1193 1543 testaretur
1205 1531 1222 1555 ‚
1235 1512 1267 1535 cc
1281 1483 1540 1542 adultum

270 1579 429 1652 »jam
460 1567 565 1629 effe
591 1569 973 1627 Britannicum
1003 1615 1019 1639 ,
1061 1590 1252 1627 veram
1279 1566 1539 1648 dignam-

270 1677 425 1735 aeque
451 1647 672 1735 stirPem
696 1650 1041 1732 suscipiendo
1067 1651 1233 1732 patris
1258 1650 1497 1731 imperio
1520 1693 1539 1722 ‚

271 1737 471 1819 „quod
509 1734 696 1793 insitus
731 1743 785 1794 ὃς
817 1734 1107 1816 adoptivus
1131 1781 1147 1805 ,
1184 1754 1280 1815 per
1317 1733 1540 1813 injurias

230 1845 236 1849 *
271 1821 507 1879 »matris
534 1837 829 1878 exerceret.
859 1818 990 1874 Non
1011 1817 1253 1874 abnuere
1274 1814 1327 1873 se
1350 1863 1366 1887 ,
1402 1816 1540 1896 quin

271 1908 514 1962 „cuneta
534 1899 769 1959 infelicis
789 1897 990 1957 domus
1014 1898 1160 1956 mala
1181 1897 1506 1979 patefierent
1523 1947 1541 1970 ,

273 1986 419 2045 msua:
439 1987 497 2043 in
524 1983 715 2067 primis
736 1982 936 2063 nuptiae
954 2029 970 2052 ,
1005 1980 1163 2040 suum
1187 1980 1539 2042 veneficium.

275 2070 384 2129 :old
424 2068 605 2127 solum
646 2066 750 2124 diis
790 2073 846 2124 δε
881 2064 980 2122 sibi
1019 2061 1299 2146 provisum
1327 2109 1342 2135 ,
1385 2064 1541 2143 quod

275 2154 529 2213 „viveret
579 2150 877 2232 privignus,
927 2150 1136 2205 Ituram
1181 2170 1310 2204 cum
1346 2145 1446 2204 illo
1480 2147 1540 2209 in

274 2238 501 2295 „castra
544 2232 849 2292 Audiretur
876 2230 1004 2288 hinc
1034 2229 1358 2290 Germanici
1388 2228 1501 2288 filia
1519 2277 1540 2302 ‚

276 2319 453 2377 »inde
483 2315 682 2376 debilis
714 2312 888 2373 rursus
929 2316 1128 2392 Burrus
1162 2322 1217 2372 &
1255 2311 1400 2371 exsul
1442 2314 1541 2371 Se-

277 2425 460 2461 „neca
485 2449 501 2472 ‚
542 2397 734 2458 trunca
762 2396 970 2456 scilicet
997 2418 1167 2455 manu
1187 2442 1202 2467 ‚
1245 2404 1302 2455 ἃ
1330 2393 1540 2476 profes-

276 2483 459 2544 »soria
488 2481 676 2564 lingua
702 2529 717 2553 ‚
760 2480 976 2563 generis
1014 2478 1246 2537 humani
1285 2478 1539 2559 regimen

275 2599 311 2625 ω
323 2565 719 2653 expostulantes
734 2593 765 2618 22
778 2610 791 2625 .
813 2562 989 2624 Simul
1007 2561 1299 2624 intendere
1323 2581 1541 2641 marim,-
