1637 2917
442 158 894 230 ³ANNAL1UM
949 168 1206 231 Nom.
1351 195 1469 258 517,

257 268 381 320 Cn.
401 264 531 317 LIII.
565 269 628 318 Ec
653 267 865 318 Athenis.
906 268 1004 317 Dio
1025 309 1037 330 ,
1070 270 1180 319 ibid.

184 397 190 404 ‚
256 334 501 384 Furiarum
510 335 668 400 sacra.
700 333 782 384 Ob
805 337 960 382 matris
980 336 1168 385 caedern.
1202 333 1335 398 Saepe
1356 352 1469 385 corz·-

180 399 236 464 fe
269 418 324 449 us
370 401 601 469 exagitari
633 402 689 467 Je
733 401 941 450 materna
973 402 1166 466 specie,
1208 402 1468 452 verberibus

187 466 434 581 Curiarum
450 504 467 530 ‚
496 484 553 517 ac
578 466 714 518 taedis
736 464 1033 532 ardentibus,
1064 468 1258 518 Sueton.
1278 471 1328 518 in
1351 467 1468 519 Ner.

242 550 263 581 a
308 568 320 581 .
356 551 431 597 34.
1090 585 1095 591 ,

284 597 506 665 'leustnia.
560 598 751 649 Sueton.
800 598 911 648 ibid.
964 597 1106 648 Sacra
1146 601 1226 649 illa
1271 599 1468 650 Athenis

187 682 387 734 quoque
406 665 764 715 celebrabantur.
783 663 1013 715 Eleusinia
1036 681 1188 714 autem
1206 667 1470 716 dicebantur

191 733 250 780 ab
294 731 479 796 oppido
516 730 727 781 Eleufine
753 771 765 792 ,
801 748 926 782 nunc
956 730 1123 799 Eleffin
1148 770 1166 797 ,
1205 733 1280 782 ubi
1316 749 1471 800 coepta

191 798 378 849 Cereris
414 795 652 848 Eleusmiae
679 798 861 866 religio.

253 931 382 981 CAP.
401 929 534 979 LIV.
571 928 878 1001 Olympiorum
906 947 1030 996 ergo.
1063 929 1321 980 Phiiostrat.
1358 928 1408 981 V
1404 928 1471 981 ita

188 997 425 1061 Apollonii
450 996 537 1057 IV,
562 1017 638 1057 24.
675 998 774 1046 Dio
800 997 997 1058 LXIII,
1028 1015 1139 1065 pag.
1160 1018 1271 1056 720.
1292 997 1470 1046 Alienae

188 1080 344 1113 autem
366 1065 524 1129 gloriae
558 1066 621 1112 ita
654 1064 833 1113 invidus
853 1064 985 1112 Nero
1004 1102 1018 1125 ‚
1051 1080 1100 1113 ut
1124 1081 1181 1114 ne
1204 1065 1333 1130 cujus
1352 1063 1470 1112 alte-
1569 1106 1576 1111 a

187 1130 289 1180 rius
309 1128 639 1179 hieronicarum
655 1131 865 1180 memoria
879 1170 893 1193 ‚
912 1145 992 1179 aut
1005 1130 1235 1198 vestigium
1250 1169 1265 1192 ‚
1280 1129 1472 1196 exstaret

185 1196 408 1261 uffiuam,
428 1193 634 1260 subverti
665 1196 714 1246 fr
739 1214 852 1246 unco
876 1196 1028 1256 trahi,
1067 1196 1285 1262 abjicique
1315 1197 1363 1244 in
1396 1195 1472 1244 la-

185 1264 343 1312 trinas
375 1261 569 1310 omnium
601 1261 770 1329 statuas
804 1262 854 1313 G*
890 1262 1114 1331 imagines
1145 1262 1470 1328 imperaverit,

190 1329 384 1380 Sueton.
417 1330 469 1377 in
496 1327 613 1378 Ner.
644 1330 767 1398 Cap.
791 1349 868 1392 24.

250 1459 380 1513 CAP.
407 1459 519 1514 LV.
567 1459 646 1510 Ne
686 1476 840 1511 annus
885 1460 1078 1526 quidem.
1129 1462 1227 1512 Dio
1271 1461 1477 1523 LX11152

163 1532 299 1595 pag.
330 1546 444 1591 723.
497 1526 613 1574 Inde
651 1527 810 1589 postea
847 1544 875 1575 a
906 1527 1112 1577 PatrIbus
1155 1530 1352 1591 delecti,
1390 1532 1470 1595 qui

188 1594 234 1642 F
233 1593 349 1659 astos
368 1591 628 1643 adulatione
647 1606 888 1651 temporum
905 1591 1110 1656 foedatos
1127 1609 1431 1646 exonerarent
1450 1634 1467 1658 ,

185 1659 342 1708 Tacit.
373 1657 491 1707 infra
513 1698 525 1719 ,
559 1657 681 1706 Hist.
708 1657 796 1718 IV,
827 1677 906 1718 40.

256 1725 445 1776 Centies
459 1723 730 1792 ftstertium.
767 1723 962 1775 Gallicae
993 1742 1192 1776 monetae
1220 1726 1344 1776 librae
1367 1724 1471 1780 sunt

193 1808 589 1920 ⁸⁹⁹1ffiiie⁰⁷i2bnda
622 1857 720 1906 Dio
745 1855 943 1918 Lxm,
971 1876 1083 1926 pag.
1105 1877 1217 1923 ⁷23·
1255 1859 1311 1908 s}
1331 1877 1468 1912 aurea

189 1924 278 1974 fuit
300 1925 396 1974 haec
421 1926 564 1973 statua
585 1962 598 1985 ,
636 1923 729 1972 fine
752 1924 1029 1990 manipretio
1056 1927 1251 1975 constitit
1274 1925 1470 1976 Gallicae

189 2009 387 2041 monetae
422 1991 546 2038 libris
578 2005 807 2050 945‚000.
843 1991 894 2039 Si
916 1990 1025 2040 ver&
1062 2009 1280 2059 argentea
1299 2031 1311 2051 ‚
1343 1993 1469 2042 libris

192 2066 295 2122 65,3
308 2066 335 2107 6
345 2078 366 2107 2
385 2078 395 2106 :
418 2056 544 2126 quod
564 2054 685 2104 infra
703 2055 780 2120 huj
788 2072 836 2105 us
858 2059 997 2105 aetatis
1016 2059 1176 2108 luxum
1199 2065 1243 2107 &
1261 2058 1467 2108 Neronis

193 2140 460 2173 vanitatem.

261 2188 489 2240 Cecidere.
523 2189 624 2238 Dio
645 2227 658 2249 ‚
699 2186 809 2238 ibid.
859 2188 937 2240 De
968 2189 1178 2258 Sulpicio
1215 2190 1470 2243 Camerino

194 2254 328 2323 supra
351 2255 525 2305 Annal.
547 2254 700 2318 XIII,
728 2270 805 2316 52.

261 2386 386 2436 CAP.
401 2387 533 2438 LVI.
551 2386 757 2453 Isthmum
775 2385 1133 2436 Corinthiacum.
1148 2387 1274 2438 Suet.
1287 2391 1335 2437 in
1352 2389 1471 2440 Ner.

194 2452 318 2518 Cap.
347 2472 419 2510 19.
449 2455 546 2503 Dio
568 2453 763 2514 LXIII,
799 2470 909 2521 pag.
931 2473 1042 2513 722.
1079 2453 1339 2505 Philostrat.
1364 2455 1416 2507 V
1413 2457 1468 2508 it.

196 2518 407 2581 Apollon.
425 2520 514 2582 IV,
537 2539 613 2579 24.
642 2518 884 2568 Pausanias
905 2519 953 2569 in
981 2519 1260 2570 Corinthiae.
1279 2540 1328 2587 p.
1357 2539 1376 2570 1
1393 2534 1472 2574 12.

264 2584 330 2634 Et
346 2587 532 2651 saxosa.
581 2587 768 2654 Integra
807 2585 1012 2634 mansere
1035 2605 1050 2648 3
1088 2584 1214 2649 priris
1248 2586 1468 2637 derelifto

193 2668 334 2718 opere
350 2692 363 2714 ,
396 2652 535 2722 quam
552 2652 641 2704 huc
656 2668 948 2722 perventum.
967 2652 1213 2704 Pausanias
1232 2691 1257 2717 ,.
1278 2653 1372 2704 loc.
1391 2656 1469 2708 cit-
