<?xml version="1.0" encoding="UTF-8"?>
<!DOCTYPE html PUBLIC "-//W3C//DTD XHTML 1.0 Transitional//EN"
    "http://www.w3.org/TR/xhtml1/DTD/xhtml1-transitional.dtd">
<html xmlns="http://www.w3.org/1999/xhtml" xml:lang="en" lang="en">
 <head>
  <title>
</title>
<meta http-equiv="Content-Type" content="text/html;charset=utf-8" />
  <meta name='ocr-system' content='tesseract 3.04.00' />
  <meta name='ocr-capabilities' content='ocr_page ocr_carea ocr_par ocr_line ocrx_word'/>
</head>
<body>
  <div class='ocr_page' id='page_1' title='image "./ccorneliitacitio03taci_0120.png"; bbox 0 0 1725 2983; ppageno 0'>
   <div class='ocr_carea' id='block_1_1' title="bbox 252 139 1375 204">
    <p class='ocr_par' dir='ltr' id='par_1_1' title="bbox 252 139 1375 204">
     <span class='ocr_line' id='line_1_1' title="bbox 252 139 1375 204; baseline 0.004 -5"><span class='ocrx_word' id='word_1_1' title='bbox 252 162 360 200; x_wconf 88' lang='lat'><strong>110</strong></span> <span class='ocrx_word' id='word_1_2' title='bbox 440 140 512 200; x_wconf 91' lang='lat' dir='ltr'><strong>C.</strong></span> <span class='ocrx_word' id='word_1_3' title='bbox 557 139 1010 200; x_wconf 82' lang='lat' dir='ltr'>CORNEL11</span> <span class='ocrx_word' id='word_1_4' title='bbox 1064 143 1375 204; x_wconf 75' lang='lat' dir='ltr'><strong>TAchr</strong></span> 
     </span>
    </p>
   </div>
   <div class='ocr_carea' id='block_1_2' title="bbox 26 239 1518 407">
    <p class='ocr_par' dir='ltr' id='par_1_2' title="bbox 26 239 1518 407">
     <span class='ocr_line' id='line_1_2' title="bbox 32 239 1518 326; baseline 0.003 -27"><span class='ocrx_word' id='word_1_5' title='bbox 32 239 492 322; x_wconf 54' lang='lat' dir='ltr'><strong>si-Augusto</strong></span> <span class='ocrx_word' id='word_1_6' title='bbox 525 262 784 324; x_wconf 85' lang='lat' dir='ltr'><strong>prompta</strong></span> <span class='ocrx_word' id='word_1_7' title='bbox 817 266 878 300; x_wconf 91' lang='lat' dir='ltr'><strong>ac</strong></span> <span class='ocrx_word' id='word_1_8' title='bbox 906 243 1181 325; x_wconf 82' lang='lat' dir='ltr'><strong>profluens</strong></span> <span class='ocrx_word' id='word_1_9' title='bbox 1203 292 1218 316; x_wconf 91' lang='lat'>,</span> <span class='ocrx_word' id='word_1_10' title='bbox 1255 269 1374 326; x_wconf 80' lang='lat' dir='ltr'><strong>quae</strong></span> <span class='ocrx_word' id='word_1_11' title='bbox 1413 243 1518 304; x_wconf 52' lang='lat' dir='ltr'><strong>de*</strong></span> 
     </span>
     <span class='ocr_line' id='line_1_3' title="bbox 26 321 1516 407; baseline 0.003 -27"><span class='ocrx_word' id='word_1_12' title='bbox 26 321 81 366; x_wconf 59' lang='lat' dir='ltr'><strong>*A-</strong></span> <span class='ocrx_word' id='word_1_13' title='bbox 102 325 153 365; x_wconf 82' lang='lat' dir='ltr'><strong>U·</strong></span> <span class='ocrx_word' id='word_1_14' title='bbox 175 324 221 364; x_wconf 85' lang='lat' dir='ltr'><strong>C.</strong></span> <span class='ocrx_word' id='word_1_15' title='bbox 246 344 394 382; x_wconf 88' lang='lat' dir='ltr'><strong>ceret</strong></span> <span class='ocrx_word' id='word_1_16' title='bbox 410 324 753 407; x_wconf 77' lang='lat' dir='ltr'><strong>Principem,</strong></span> <span class='ocrx_word' id='word_1_17' title='bbox 777 325 1100 406; x_wconf 80' lang='lat' dir='ltr'>eloquentia</span> <span class='ocrx_word' id='word_1_18' title='bbox 1117 325 1239 386; x_wconf 88' lang='lat' dir='ltr'><strong>fuit.</strong></span> <span class='ocrx_word' id='word_1_19' title='bbox 1254 329 1516 387; x_wconf 86' lang='lat' dir='ltr'><strong>Tiberius</strong></span> 
     </span>
    </p>
   </div>
   <div class='ocr_carea' id='block_1_3' title="bbox 69 394 191 510">
    <p class='ocr_par' dir='ltr' id='par_1_3' title="bbox 69 394 191 510">
     <span class='ocr_line' id='line_1_4' title="bbox 72 394 185 441; baseline 0.009 -6"><span class='ocrx_word' id='word_1_20' title='bbox 72 394 185 441; x_wconf 82' lang='lat'><em>807.</em></span> 
     </span>
     <span class='ocr_line' id='line_1_5' title="bbox 69 466 191 510; baseline 0.041 -5"><span class='ocrx_word' id='word_1_21' title='bbox 69 466 109 506; x_wconf 74' lang='lat' dir='ltr'><strong>:L</strong></span> <span class='ocrx_word' id='word_1_22' title='bbox 142 469 191 510; x_wconf 89' lang='lat' dir='ltr'><strong>C.</strong></span> 
     </span>
    </p>
   </div>
   <div class='ocr_carea' id='block_1_4' title="bbox 78 541 162 596">
    <p class='ocr_par' dir='ltr' id='par_1_4' title="bbox 78 541 162 596">
     <span class='ocr_line' id='line_1_6' title="bbox 78 541 162 596; baseline 0 0"><span class='ocrx_word' id='word_1_23' title='bbox 78 541 162 596; x_wconf 63' lang='lat'><strong>§.4-</strong></span> 
     </span>
    </p>
   </div>
   <div class='ocr_carea' id='block_1_5' title="bbox 236 408 1524 1655">
    <p class='ocr_par' dir='ltr' id='par_1_5' title="bbox 236 408 1519 1299">
     <span class='ocr_line' id='line_1_7' title="bbox 245 408 1519 492; baseline 0.003 -28"><span class='ocrx_word' id='word_1_24' title='bbox 245 427 425 466; x_wconf 90' lang='lat' dir='ltr'><strong>artem</strong></span> <span class='ocrx_word' id='word_1_25' title='bbox 448 430 673 488; x_wconf 85' lang='lat' dir='ltr'><strong>quoque</strong></span> <span class='ocrx_word' id='word_1_26' title='bbox 701 408 935 468; x_wconf 80' lang='lat' dir='ltr'>callebat</span> <span class='ocrx_word' id='word_1_27' title='bbox 953 457 969 480; x_wconf 84' lang='lat'>,</span> <span class='ocrx_word' id='word_1_28' title='bbox 993 410 1102 492; x_wconf 64' lang='lat' dir='ltr'><strong>qua</strong></span> <span class='ocrx_word' id='word_1_29' title='bbox 1122 410 1291 470; x_wconf 88' lang='lat' dir='ltr'><strong>verba</strong></span> <span class='ocrx_word' id='word_1_30' title='bbox 1315 434 1519 492; x_wconf 67' lang='lat' dir='ltr'><strong>expen-</strong></span> 
     </span>
     <span class='ocr_line' id='line_1_8' title="bbox 244 489 1518 565; baseline 0.003 -17"><span class='ocrx_word' id='word_1_31' title='bbox 244 489 403 550; x_wconf 82' lang='lat' dir='ltr'><strong>deret</strong></span> <span class='ocrx_word' id='word_1_32' title='bbox 424 538 440 563; x_wconf 87' lang='lat'>,</span> <span class='ocrx_word' id='word_1_33' title='bbox 475 511 597 549; x_wconf 90' lang='lat' dir='ltr'><strong>tum</strong></span> <span class='ocrx_word' id='word_1_34' title='bbox 620 490 834 550; x_wconf 91' lang='lat' dir='ltr'><strong>validus</strong></span> <span class='ocrx_word' id='word_1_35' title='bbox 860 491 1097 551; x_wconf 79' lang='lat' dir='ltr'><strong>sensibus</strong></span> <span class='ocrx_word' id='word_1_36' title='bbox 1113 540 1129 565; x_wconf 84' lang='lat'>‚</span> <span class='ocrx_word' id='word_1_37' title='bbox 1153 515 1247 553; x_wconf 90' lang='lat' dir='ltr'><strong>aut</strong></span> <span class='ocrx_word' id='word_1_38' title='bbox 1265 493 1518 553; x_wconf 51' lang='lat' dir='ltr'><strong>consulti)</strong></span> 
     </span>
     <span class='ocr_line' id='line_1_9' title="bbox 240 573 1515 655; baseline 0.002 -23"><span class='ocrx_word' id='word_1_39' title='bbox 240 574 550 655; x_wconf 87' lang='lat' dir='ltr'><strong>ambiguus.</strong></span> <span class='ocrx_word' id='word_1_40' title='bbox 574 575 756 633; x_wconf 89' lang='lat' dir='ltr'><strong>Etiam</strong></span> <span class='ocrx_word' id='word_1_41' title='bbox 781 577 852 634; x_wconf 92' lang='lat' dir='ltr'><strong>C.</strong></span> <span class='ocrx_word' id='word_1_42' title='bbox 867 573 1094 634; x_wconf 73' lang='lat' dir='ltr'><strong>Caesaris</strong></span> <span class='ocrx_word' id='word_1_43' title='bbox 1117 577 1335 635; x_wconf 88' lang='lat' dir='ltr'><strong>turbata</strong></span> <span class='ocrx_word' id='word_1_44' title='bbox 1355 599 1515 635; x_wconf 89' lang='lat' dir='ltr'><strong>mens</strong></span> 
     </span>
     <span class='ocr_line' id='line_1_10' title="bbox 236 657 1515 740; baseline 0 -22"><span class='ocrx_word' id='word_1_45' title='bbox 236 657 357 718; x_wconf 90' lang='lat' dir='ltr'><strong>vim</strong></span> <span class='ocrx_word' id='word_1_46' title='bbox 380 657 606 716; x_wconf 91' lang='lat' dir='ltr'><strong>dicendi</strong></span> <span class='ocrx_word' id='word_1_47' title='bbox 627 681 743 716; x_wconf 86' lang='lat' dir='ltr'><strong>non</strong></span> <span class='ocrx_word' id='word_1_48' title='bbox 769 659 1027 740; x_wconf 88' lang='lat' dir='ltr'><strong>corrupit.</strong></span> <span class='ocrx_word' id='word_1_49' title='bbox 1070 661 1191 719; x_wconf 93' lang='lat' dir='ltr'><strong>Nec</strong></span> <span class='ocrx_word' id='word_1_50' title='bbox 1237 661 1296 718; x_wconf 89' lang='lat' dir='ltr'><strong>in</strong></span> <span class='ocrx_word' id='word_1_51' title='bbox 1345 658 1515 718; x_wconf 84' lang='lat' dir='ltr'><strong>Clau-</strong></span> 
     </span>
     <span class='ocr_line' id='line_1_11' title="bbox 238 740 1517 821; baseline 0.002 -23"><span class='ocrx_word' id='word_1_52' title='bbox 238 740 376 811; x_wconf 82' lang='lat' dir='ltr'><strong>dio,</strong></span> <span class='ocrx_word' id='word_1_53' title='bbox 427 741 687 821; x_wconf 86' lang='lat' dir='ltr'><strong>quotiens</strong></span> <span class='ocrx_word' id='word_1_54' title='bbox 732 742 1005 800; x_wconf 87' lang='lat' dir='ltr'><strong>meditata</strong></span> <span class='ocrx_word' id='word_1_55' title='bbox 1043 741 1364 814; x_wconf 82' lang='lat' dir='ltr'><strong>differeret,</strong></span> <span class='ocrx_word' id='word_1_56' title='bbox 1407 741 1517 801; x_wconf 50' lang='lat' dir='ltr'><strong>ele*</strong></span> 
     </span>
     <span class='ocr_line' id='line_1_12' title="bbox 238 823 1515 907; baseline 0.001 -26"><span class='ocrx_word' id='word_1_57' title='bbox 238 823 490 907; x_wconf 75' lang='lat' dir='ltr'>gantiam</span> <span class='ocrx_word' id='word_1_58' title='bbox 507 825 830 904; x_wconf 78' lang='lat' dir='ltr'><strong>requireres,</strong></span> <span class='ocrx_word' id='word_1_59' title='bbox 847 827 998 884; x_wconf 90' lang='lat' dir='ltr'><strong>Nero</strong></span> <span class='ocrx_word' id='word_1_60' title='bbox 1014 826 1315 907; x_wconf 76' lang='lat' dir='ltr'><strong>puerilibus</strong></span> <span class='ocrx_word' id='word_1_61' title='bbox 1332 825 1515 883; x_wconf 90' lang='lat' dir='ltr'><strong>statim</strong></span> 
     </span>
     <span class='ocr_line' id='line_1_13' title="bbox 239 906 1515 979; baseline 0.002 -14"><span class='ocrx_word' id='word_1_62' title='bbox 239 906 398 965; x_wconf 87' lang='lat' dir='ltr'><strong>annis</strong></span> <span class='ocrx_word' id='word_1_63' title='bbox 427 955 443 979; x_wconf 82' lang='lat'>‚</span> <span class='ocrx_word' id='word_1_64' title='bbox 487 907 741 966; x_wconf 88' lang='lat' dir='ltr'><strong>vividum</strong></span> <span class='ocrx_word' id='word_1_65' title='bbox 770 910 1026 966; x_wconf 85' lang='lat' dir='ltr'><strong>animum</strong></span> <span class='ocrx_word' id='word_1_66' title='bbox 1050 910 1109 967; x_wconf 89' lang='lat' dir='ltr'><strong>in</strong></span> <span class='ocrx_word' id='word_1_67' title='bbox 1138 908 1245 967; x_wconf 82' lang='lat' dir='ltr'><strong>alia</strong></span> <span class='ocrx_word' id='word_1_68' title='bbox 1269 907 1515 968; x_wconf 85' lang='lat' dir='ltr'><strong>detorfit.</strong></span> 
     </span>
     <span class='ocr_line' id='line_1_14' title="bbox 237 988 1516 1074; baseline -0.001 -25"><span class='ocrx_word' id='word_1_69' title='bbox 237 988 452 1049; x_wconf 83' lang='lat' dir='ltr'><strong>Caelare</strong></span> <span class='ocrx_word' id='word_1_70' title='bbox 493 1037 510 1062; x_wconf 83' lang='lat'>‚</span> <span class='ocrx_word' id='word_1_71' title='bbox 553 991 781 1072; x_wconf 85' lang='lat' dir='ltr'><strong>pingere</strong></span> <span class='ocrx_word' id='word_1_72' title='bbox 809 1039 826 1062; x_wconf 86' lang='lat'>‚</span> <span class='ocrx_word' id='word_1_73' title='bbox 886 1012 1075 1050; x_wconf 87' lang='lat' dir='ltr'><strong>cantus</strong></span> <span class='ocrx_word' id='word_1_74' title='bbox 1121 1014 1216 1051; x_wconf 92' lang='lat' dir='ltr'><strong>aut</strong></span> <span class='ocrx_word' id='word_1_75' title='bbox 1261 992 1516 1074; x_wconf 81' lang='lat' dir='ltr'><strong>regimen</strong></span> 
     </span>
     <span class='ocr_line' id='line_1_15' title="bbox 237 1071 1514 1156; baseline 0 -24"><span class='ocrx_word' id='word_1_76' title='bbox 237 1094 517 1153; x_wconf 89' lang='lat' dir='ltr'><strong>equorum</strong></span> <span class='ocrx_word' id='word_1_77' title='bbox 545 1096 832 1133; x_wconf 86' lang='lat' dir='ltr'><strong>exercere:</strong></span> <span class='ocrx_word' id='word_1_78' title='bbox 871 1082 928 1133; x_wconf 71' lang='grc' dir='ltr'><strong>δε</strong></span> <span class='ocrx_word' id='word_1_79' title='bbox 964 1074 1267 1156; x_wconf 88' lang='lat' dir='ltr'><strong>aliquando</strong></span> <span class='ocrx_word' id='word_1_80' title='bbox 1306 1071 1514 1133; x_wconf 74' lang='lat' dir='ltr'><strong>carmi-</strong></span> 
     </span>
     <span class='ocr_line' id='line_1_16' title="bbox 237 1154 1518 1238; baseline 0.001 -21"><span class='ocrx_word' id='word_1_81' title='bbox 237 1156 403 1217; x_wconf 87' lang='lat' dir='ltr'><strong>nibus</strong></span> <span class='ocrx_word' id='word_1_82' title='bbox 441 1155 752 1238; x_wconf 82' lang='lat' dir='ltr'><strong>pangendis</strong></span> <span class='ocrx_word' id='word_1_83' title='bbox 790 1205 807 1228; x_wconf 84' lang='lat'>,</span> <span class='ocrx_word' id='word_1_84' title='bbox 864 1154 1034 1216; x_wconf 86' lang='lat' dir='ltr'><strong>ineffe</strong></span> <span class='ocrx_word' id='word_1_85' title='bbox 1083 1157 1184 1216; x_wconf 89' lang='lat' dir='ltr'><strong>fibi</strong></span> <span class='ocrx_word' id='word_1_86' title='bbox 1234 1157 1518 1218; x_wconf 87' lang='lat' dir='ltr'><strong>elementa</strong></span> 
     </span>
     <span class='ocr_line' id='line_1_17' title="bbox 239 1239 875 1299; baseline -0.002 -1"><span class='ocrx_word' id='word_1_87' title='bbox 239 1239 504 1298; x_wconf 56' lang='lat' dir='ltr'><strong>doetrinae</strong></span> <span class='ocrx_word' id='word_1_88' title='bbox 532 1239 875 1299; x_wconf 87' lang='lat' dir='ltr'><strong>ostendebat.</strong></span> 
     </span>
    </p>

    <p class='ocr_par' dir='ltr' id='par_1_6' title="bbox 236 1323 1524 1655">
     <span class='ocr_line' id='line_1_18' title="bbox 326 1323 1518 1405; baseline 0.003 -26"><span class='ocrx_word' id='word_1_89' title='bbox 326 1323 430 1383; x_wconf 90' lang='lat' dir='ltr'><strong>IV.</strong></span> <span class='ocrx_word' id='word_1_90' title='bbox 476 1324 779 1381; x_wconf 80' lang='lat' dir='ltr'>CETERUM</span> <span class='ocrx_word' id='word_1_91' title='bbox 809 1323 1037 1405; x_wconf 57' lang='lat' dir='ltr'><strong>peractis</strong></span> <span class='ocrx_word' id='word_1_92' title='bbox 1070 1323 1294 1383; x_wconf 86' lang='lat' dir='ltr'><strong>tristitiae</strong></span> <span class='ocrx_word' id='word_1_93' title='bbox 1332 1324 1518 1383; x_wconf 87' lang='lat' dir='ltr'><strong>imita-</strong></span> 
     </span>
     <span class='ocr_line' id='line_1_19' title="bbox 237 1404 1524 1488; baseline 0.002 -24"><span class='ocrx_word' id='word_1_94' title='bbox 237 1406 445 1465; x_wconf 89' lang='lat' dir='ltr'><strong>mentis</strong></span> <span class='ocrx_word' id='word_1_95' title='bbox 470 1452 486 1476; x_wconf 85' lang='lat'>,</span> <span class='ocrx_word' id='word_1_96' title='bbox 527 1406 739 1464; x_wconf 89' lang='lat' dir='ltr'><strong>curiam</strong></span> <span class='ocrx_word' id='word_1_97' title='bbox 785 1404 1086 1488; x_wconf 64' lang='lat' dir='ltr'><strong>ingreffim,</strong></span> <span class='ocrx_word' id='word_1_98' title='bbox 1130 1416 1187 1466; x_wconf 70' lang='grc' dir='ltr'><strong>δε</strong></span> <span class='ocrx_word' id='word_1_99' title='bbox 1226 1435 1258 1458; x_wconf 81' lang='lat' dir='ltr'><strong>&lt;c</strong></span> <span class='ocrx_word' id='word_1_100' title='bbox 1283 1406 1354 1465; x_wconf 93' lang='lat' dir='ltr'><strong>de</strong></span> <span class='ocrx_word' id='word_1_101' title='bbox 1394 1431 1524 1466; x_wconf 81' lang='lat' dir='ltr'><strong>auc-</strong></span> 
     </span>
     <span class='ocr_line' id='line_1_20' title="bbox 236 1488 1509 1572; baseline 0.001 -29"><span class='ocrx_word' id='word_1_102' title='bbox 236 1489 507 1548; x_wconf 74' lang='lat' dir='ltr'><strong>:ntoritate</strong></span> <span class='ocrx_word' id='word_1_103' title='bbox 536 1510 757 1572; x_wconf 86' lang='lat' dir='ltr'><strong>patrum</strong></span> <span class='ocrx_word' id='word_1_104' title='bbox 779 1537 794 1560; x_wconf 86' lang='lat'>,</span> <span class='ocrx_word' id='word_1_105' title='bbox 831 1498 887 1549; x_wconf 84' lang='lat'>&amp;</span> <span class='ocrx_word' id='word_1_106' title='bbox 916 1488 1181 1548; x_wconf 89' lang='lat' dir='ltr'><strong>consensu</strong></span> <span class='ocrx_word' id='word_1_107' title='bbox 1209 1489 1509 1549; x_wconf 66' lang='lat' dir='ltr'><strong>militum»</strong></span> 
     </span>
     <span class='ocr_line' id='line_1_21' title="bbox 238 1569 1518 1655; baseline 0.003 -27"><span class='ocrx_word' id='word_1_108' title='bbox 238 1569 527 1652; x_wconf 78' lang='lat' dir='ltr'><strong>praefatuS‚</strong></span> <span class='ocrx_word' id='word_1_109' title='bbox 577 1571 850 1631; x_wconf 80' lang='lat' dir='ltr'><strong>ccconfilia</strong></span> <span class='ocrx_word' id='word_1_110' title='bbox 892 1571 993 1631; x_wconf 82' lang='lat' dir='ltr'><strong>fibi</strong></span> <span class='ocrx_word' id='word_1_111' title='bbox 1039 1581 1095 1632; x_wconf 86' lang='lat'>&amp;</span> <span class='ocrx_word' id='word_1_112' title='bbox 1140 1572 1394 1655; x_wconf 87' lang='lat' dir='ltr'><strong>exempla</strong></span> <span class='ocrx_word' id='word_1_113' title='bbox 1430 1597 1518 1632; x_wconf 90' lang='lat' dir='ltr'><strong>ca-</strong></span> 
     </span>
    </p>
   </div>
   <div class='ocr_carea' id='block_1_6' title="bbox 176 1652 1518 1737">
    <p class='ocr_par' dir='ltr' id='par_1_7' title="bbox 176 1652 1518 1737">
     <span class='ocr_line' id='line_1_22' title="bbox 176 1652 1518 1737; baseline 0.001 -24"><span class='ocrx_word' id='word_1_114' title='bbox 176 1700 179 1701; x_wconf 19' lang='lat' dir='ltr'><strong>r</strong></span> <span class='ocrx_word' id='word_1_115' title='bbox 236 1652 532 1737; x_wconf 67' lang='lat' dir='ltr'><strong>sopeffendi</strong></span> <span class='ocrx_word' id='word_1_116' title='bbox 567 1656 786 1737; x_wconf 71' lang='lat' dir='ltr'><strong>egregie</strong></span> <span class='ocrx_word' id='word_1_117' title='bbox 816 1655 1041 1737; x_wconf 85' lang='lat' dir='ltr'><strong>imperii</strong></span> <span class='ocrx_word' id='word_1_118' title='bbox 1062 1685 1094 1708; x_wconf 65' lang='grc' dir='ltr'>υ</span> <span class='ocrx_word' id='word_1_119' title='bbox 1133 1657 1471 1715; x_wconf 86' lang='lat' dir='ltr'><strong>memoravit</strong></span> <span class='ocrx_word' id='word_1_120' title='bbox 1500 1681 1518 1715; x_wconf 65' lang='lat'><strong>2&gt;</strong></span> 
     </span>
    </p>
   </div>
   <div class='ocr_carea' id='block_1_7' title="bbox 236 1738 1520 2569">
    <p class='ocr_par' dir='ltr' id='par_1_8' title="bbox 236 1738 1520 2569">
     <span class='ocr_line' id='line_1_23' title="bbox 236 1738 1516 1818; baseline 0.003 -24"><span class='ocrx_word' id='word_1_121' title='bbox 236 1761 280 1794; x_wconf 71' lang='lat' dir='ltr'><strong>{oc</strong></span> <span class='ocrx_word' id='word_1_122' title='bbox 304 1760 407 1798; x_wconf 90' lang='lat' dir='ltr'><strong>nec</strong></span> <span class='ocrx_word' id='word_1_123' title='bbox 436 1744 724 1818; x_wconf 86' lang='lat' dir='ltr'><strong>juventam</strong></span> <span class='ocrx_word' id='word_1_124' title='bbox 753 1760 918 1797; x_wconf 82' lang='lat' dir='ltr'><strong>armis</strong></span> <span class='ocrx_word' id='word_1_125' title='bbox 949 1738 1200 1798; x_wconf 88' lang='lat' dir='ltr'><strong>civilibus</strong></span> <span class='ocrx_word' id='word_1_126' title='bbox 1233 1787 1249 1812; x_wconf 84' lang='lat'>‚</span> <span class='ocrx_word' id='word_1_127' title='bbox 1293 1759 1386 1798; x_wconf 83' lang='lat' dir='ltr'><strong>aut</strong></span> <span class='ocrx_word' id='word_1_128' title='bbox 1411 1739 1516 1798; x_wconf 87' lang='lat' dir='ltr'><strong>do-</strong></span> 
     </span>
     <span class='ocr_line' id='line_1_24' title="bbox 236 1819 1517 1895; baseline 0.005 -20"><span class='ocrx_word' id='word_1_129' title='bbox 236 1849 272 1875; x_wconf 68' lang='lat' dir='ltr'><strong>m</strong></span> <span class='ocrx_word' id='word_1_130' title='bbox 286 1821 520 1881; x_wconf 88' lang='lat' dir='ltr'><strong>mesticis</strong></span> <span class='ocrx_word' id='word_1_131' title='bbox 540 1819 827 1879; x_wconf 86' lang='lat' dir='ltr'><strong>discordiis</strong></span> <span class='ocrx_word' id='word_1_132' title='bbox 845 1821 1123 1880; x_wconf 79' lang='lat' dir='ltr'><strong>imbutam</strong></span> <span class='ocrx_word' id='word_1_133' title='bbox 1146 1847 1157 1878; x_wconf 81' lang='lat' dir='ltr'><strong><em>z</em></strong></span> <span class='ocrx_word' id='word_1_134' title='bbox 1180 1821 1333 1881; x_wconf 89' lang='lat' dir='ltr'><strong>nulla</strong></span> <span class='ocrx_word' id='word_1_135' title='bbox 1350 1821 1480 1881; x_wconf 87' lang='lat' dir='ltr'><strong>odia</strong></span> <span class='ocrx_word' id='word_1_136' title='bbox 1494 1870 1517 1895; x_wconf 86' lang='lat'>‚</span> 
     </span>
     <span class='ocr_line' id='line_1_25' title="bbox 237 1903 1514 1985; baseline 0.004 -26"><span class='ocrx_word' id='word_1_137' title='bbox 237 1903 461 1962; x_wconf 68' lang='lat' dir='ltr'><strong>nonullas</strong></span> <span class='ocrx_word' id='word_1_138' title='bbox 487 1903 713 1984; x_wconf 87' lang='lat' dir='ltr'><strong>injurias</strong></span> <span class='ocrx_word' id='word_1_139' title='bbox 740 1951 756 1975; x_wconf 85' lang='lat'>‚</span> <span class='ocrx_word' id='word_1_140' title='bbox 799 1927 901 1962; x_wconf 91' lang='lat' dir='ltr'><strong>nec</strong></span> <span class='ocrx_word' id='word_1_141' title='bbox 930 1903 1255 1985; x_wconf 87' lang='lat' dir='ltr'><strong>cupidinem</strong></span> <span class='ocrx_word' id='word_1_142' title='bbox 1284 1904 1514 1964; x_wconf 85' lang='lat' dir='ltr'><strong>ultionis</strong></span> 
     </span>
     <span class='ocr_line' id='line_1_26' title="bbox 236 1984 1515 2069; baseline 0.004 -28"><span class='ocrx_word' id='word_1_143' title='bbox 236 1984 575 2045; x_wconf 69' lang='lat' dir='ltr'><strong>madferren.</strong></span> <span class='ocrx_word' id='word_1_144' title='bbox 625 1988 783 2045; x_wconf 89' lang='lat' dir='ltr'><strong>Tum</strong></span> <span class='ocrx_word' id='word_1_145' title='bbox 816 1985 1064 2044; x_wconf 90' lang='lat' dir='ltr'><strong>formam</strong></span> <span class='ocrx_word' id='word_1_146' title='bbox 1098 1984 1270 2046; x_wconf 91' lang='lat' dir='ltr'><strong>futuri</strong></span> <span class='ocrx_word' id='word_1_147' title='bbox 1308 1988 1515 2069; x_wconf 85' lang='lat' dir='ltr'><strong>princi-</strong></span> 
     </span>
     <span class='ocr_line' id='line_1_27' title="bbox 238 2067 1520 2153; baseline 0.002 -25"><span class='ocrx_word' id='word_1_148' title='bbox 238 2067 394 2153; x_wconf 68' lang='lat' dir='ltr'><strong>patus</strong></span> <span class='ocrx_word' id='word_1_149' title='bbox 439 2067 750 2152; x_wconf 81' lang='lat' dir='ltr'><strong>praescripfit</strong></span> <span class='ocrx_word' id='word_1_150' title='bbox 772 2117 788 2141; x_wconf 87' lang='lat'>‚</span> <span class='ocrx_word' id='word_1_151' title='bbox 831 2092 894 2129; x_wconf 90' lang='lat' dir='ltr'><strong>ea</strong></span> <span class='ocrx_word' id='word_1_152' title='bbox 919 2070 1159 2128; x_wconf 71' lang='lat' dir='ltr'><strong>maxime</strong></span> <span class='ocrx_word' id='word_1_153' title='bbox 1186 2070 1471 2130; x_wconf 89' lang='lat' dir='ltr'><strong>declinans</strong></span> <span class='ocrx_word' id='word_1_154' title='bbox 1501 2118 1520 2144; x_wconf 92' lang='lat'>‚</span> 
     </span>
     <span class='ocr_line' id='line_1_28' title="bbox 238 2152 1512 2235; baseline 0.002 -23"><span class='ocrx_word' id='word_1_155' title='bbox 238 2175 484 2233; x_wconf 87' lang='lat' dir='ltr'><strong>quorum</strong></span> <span class='ocrx_word' id='word_1_156' title='bbox 525 2175 713 2212; x_wconf 88' lang='lat' dir='ltr'><strong>recens</strong></span> <span class='ocrx_word' id='word_1_157' title='bbox 748 2152 1012 2235; x_wconf 84' lang='lat' dir='ltr'><strong>flagrabat</strong></span> <span class='ocrx_word' id='word_1_158' title='bbox 1045 2153 1274 2212; x_wconf 91' lang='lat' dir='ltr'><strong>invidia.</strong></span> <span class='ocrx_word' id='word_1_159' title='bbox 1327 2182 1359 2205; x_wconf 78' lang='lat' dir='ltr'><strong>cc</strong></span> <span class='ocrx_word' id='word_1_160' title='bbox 1378 2155 1512 2214; x_wconf 91' lang='lat' dir='ltr'><strong>Non</strong></span> 
     </span>
     <span class='ocr_line' id='line_1_29' title="bbox 236 2234 1514 2318; baseline 0.005 -28"><span class='ocrx_word' id='word_1_161' title='bbox 236 2236 441 2295; x_wconf 75' lang='lat' dir='ltr'><strong>:nenim</strong></span> <span class='ocrx_word' id='word_1_162' title='bbox 480 2234 533 2294; x_wconf 89' lang='lat' dir='ltr'><strong>se</strong></span> <span class='ocrx_word' id='word_1_163' title='bbox 570 2235 930 2317; x_wconf 83' lang='lat' dir='ltr'><strong>negotiorum</strong></span> <span class='ocrx_word' id='word_1_164' title='bbox 965 2237 1228 2294; x_wconf 87' lang='lat' dir='ltr'><strong>omnium</strong></span> <span class='ocrx_word' id='word_1_165' title='bbox 1264 2237 1514 2318; x_wconf 77' lang='lat' dir='ltr'><strong>judicem</strong></span> 
     </span>
     <span class='ocr_line' id='line_1_30' title="bbox 238 2316 1514 2390; baseline 0.003 -16"><span class='ocrx_word' id='word_1_166' title='bbox 238 2316 406 2378; x_wconf 65' lang='lat' dir='ltr'><strong>„fore</strong></span> <span class='ocrx_word' id='word_1_167' title='bbox 430 2366 445 2390; x_wconf 83' lang='lat'>‚</span> <span class='ocrx_word' id='word_1_168' title='bbox 494 2339 553 2376; x_wconf 89' lang='lat' dir='ltr'><strong>ut</strong></span> <span class='ocrx_word' id='word_1_169' title='bbox 578 2367 594 2390; x_wconf 85' lang='lat'>‚</span> <span class='ocrx_word' id='word_1_170' title='bbox 635 2317 822 2378; x_wconf 81' lang='lat' dir='ltr'><strong>clausis</strong></span> <span class='ocrx_word' id='word_1_171' title='bbox 868 2343 1038 2378; x_wconf 87' lang='lat' dir='ltr'><strong>unam</strong></span> <span class='ocrx_word' id='word_1_172' title='bbox 1084 2320 1228 2379; x_wconf 84' lang='lat' dir='ltr'><strong>intra</strong></span> <span class='ocrx_word' id='word_1_173' title='bbox 1272 2320 1514 2379; x_wconf 90' lang='lat' dir='ltr'><strong>domurn</strong></span> 
     </span>
     <span class='ocr_line' id='line_1_31' title="bbox 237 2400 1512 2487; baseline 0.004 -30"><span class='ocrx_word' id='word_1_174' title='bbox 237 2400 682 2461; x_wconf 56' lang='lat' dir='ltr'><strong>„accusatoribus</strong></span> <span class='ocrx_word' id='word_1_175' title='bbox 701 2411 757 2462; x_wconf 71' lang='grc' dir='ltr'><strong>δε</strong></span> <span class='ocrx_word' id='word_1_176' title='bbox 775 2403 878 2462; x_wconf 89' lang='lat' dir='ltr'><strong>reis</strong></span> <span class='ocrx_word' id='word_1_177' title='bbox 896 2450 911 2475; x_wconf 84' lang='grc'>,</span> <span class='ocrx_word' id='word_1_178' title='bbox 938 2426 1240 2486; x_wconf 85' lang='lat' dir='ltr'><strong>paucorum</strong></span> <span class='ocrx_word' id='word_1_179' title='bbox 1260 2403 1512 2487; x_wconf 87' lang='lat' dir='ltr'><strong>potentia</strong></span> 
     </span>
     <span class='ocr_line' id='line_1_32' title="bbox 237 2483 1511 2569; baseline 0.004 -29"><span class='ocrx_word' id='word_1_180' title='bbox 237 2483 623 2568; x_wconf 68' lang='lat' dir='ltr'><strong>mgraffaretur.</strong></span> <span class='ocrx_word' id='word_1_181' title='bbox 675 2485 834 2543; x_wconf 85' lang='lat' dir='ltr'><strong>Nihil</strong></span> <span class='ocrx_word' id='word_1_182' title='bbox 861 2487 918 2544; x_wconf 88' lang='lat' dir='ltr'><strong>in</strong></span> <span class='ocrx_word' id='word_1_183' title='bbox 948 2486 1238 2569; x_wconf 86' lang='lat' dir='ltr'><strong>penatibus</strong></span> <span class='ocrx_word' id='word_1_184' title='bbox 1275 2485 1379 2545; x_wconf 88' lang='lat' dir='ltr'><strong>suis</strong></span> <span class='ocrx_word' id='word_1_185' title='bbox 1416 2509 1511 2545; x_wconf 87' lang='lat' dir='ltr'><strong>ve-</strong></span> 
     </span>
    </p>
   </div>
   <div class='ocr_carea' id='block_1_8' title="bbox 154 2567 1514 2653">
    <p class='ocr_par' dir='ltr' id='par_1_9' title="bbox 154 2567 1514 2653">
     <span class='ocr_line' id='line_1_33' title="bbox 154 2567 1514 2653; baseline -0.001 -20"><span class='ocrx_word' id='word_1_186' title='bbox 154 2627 157 2633; x_wconf 90' lang='lat'><em>.</em></span> <span class='ocrx_word' id='word_1_187' title='bbox 235 2567 408 2641; x_wconf 61' lang='lat' dir='ltr'><strong>ponale</strong></span> <span class='ocrx_word' id='word_1_188' title='bbox 425 2616 444 2644; x_wconf 85' lang='lat'><em>,</em></span> <span class='ocrx_word' id='word_1_189' title='bbox 467 2589 559 2630; x_wconf 89' lang='lat' dir='ltr'><strong>aut</strong></span> <span class='ocrx_word' id='word_1_190' title='bbox 583 2568 883 2630; x_wconf 84' lang='lat' dir='ltr'><strong>ambitioni</strong></span> <span class='ocrx_word' id='word_1_191' title='bbox 905 2571 1192 2653; x_wconf 84' lang='lat' dir='ltr'><strong>pervium:</strong></span> <span class='ocrx_word' id='word_1_192' title='bbox 1218 2568 1514 2632; x_wconf 79' lang='lat' dir='ltr'><strong>discretam</strong></span> 
     </span>
    </p>
   </div>
  </div>
 </body>
</html>
