1637 2917
352 196 803 238 ANNALIUM
866 174 1132 239 No'TAE.
1258 186 1391 259 ‘443‘

105 277 263 342 peius:
283 272 419 326 diruit
431 278 590 342 postea
603 275 764 324 Civilis
783 314 795 335 ,
816 282 861 324 &
874 295 960 342 per
973 276 1151 331 Gallias
1165 273 1385 330 Rhenum

103 339 297 403 effudit3
332 359 379 391 ut
405 343 577 391 dicetur
602 340 721 389 infra
742 340 862 389 Hist.
888 342 948 402 V,
978 361 1051 400 19·

165 406 403 473 Mosellam
435 424 567 476 atque
594 406 801 459 Ararim.
832 407 1028 457 Mosella
1048 449 1061 471 ,
1088 410 1135 459 la
1157 409 1344 475 Moselle
1361 431 1381 462 .·

100 472 256 535 Arar,
289 474 335 524 la
370 473 559 525 Saone:
594 474 847 523 Rhodanus
874 514 888 536 ‚
919 475 960 523 le
1004 475 1181 528 thne.
1233 479 1382 527 Maris

78 589 89 599 ,
102 539 434 591 Mediterranei
454 549 498 590 &
513 541 697 592 Oceani
713 544 992 590 commercia
1003 581 1015 602 ‚
1032 546 1162 592 toties
1182 560 1350 593 tentata
1367 583 1384 607 ,

101 605 281 673 semper
305 607 467 659 omiffa
482 648 496 671 ,
530 608 794 676 ingentibus
816 608 1031 674 impensis
1052 648 1065 671 ‚
1103 608 1178 658 sed
1201 613 1383 675 majore

105 675 285 740 gloria,
316 675 422 724 fecit
460 690 763 726 Luoowcus
794 690 1031 724 MAGNUS.
1080 675 1228 739 Quod
1262 695 1384 743 opus

102 743 300 789 omnino
330 744 512 808 regium
545 742 738 790 dicimus
770 740 813 790 le
845 739 1002 791 Canal
1029 742 1157 808 rqyal
1180 781 1199 805 ,
1236 746 1310 794 vel
1338 743 1383 795 le

98 806 255 858 Canal
277 805 332 856 de
354 806 656 874 LanguedOC.

165 872 266 922 Per
296 890 438 923 mare.
473 874 882 923 Mediterraneum.

167 937 353 988 Alienae
370 941 640 1002 provinciae.
674 941 875 1007 Belgicae
898 937 1067 990 scilicet
1091 959 1106 1003 3
1133 955 1182 989 ut
1203 940 1386 992 Mosel-‘

98 1005 194 1053 lam
214 1011 259 1054 ὃ(
275 1007 461 1055 Ararim
473 1047 486 1069 ‚
507 1007 643 1057 duci&
658 1009 776 1058 inter
794 1007 909 1058 duos
923 1009 1028 1057 illos
1047 1010 1210 1059 fluvios
1230 1007 1348 1060 fossa
1366 1023 1387 1072 ,'

102 1089 425 1141 conjungeret.

164 1205 291 1255 CAP.
320 1206 454 1259 LIV.
487 1206 636 1274 Fristi.
669 1205 822 1257 Oram
847 1206 985 1255 maris
1016 1205 1234 1257 Rhenum
1266 1209 1392 1258 inter¹

96 1279 144 1322 ὃ(
164 1273 389 1323 Amisiam
410 1314 422 1335 ‚
453 1273 631 1336 I‘Ems‚
666 1273 931 1322 habitabant
952 1270 1095 1321 Frifii.

163 1339 315 1402 Ripae.
357 1341 510 1389 Rheni
534 1344 645 1406 ripae
663 1379 677 1402 ,
725 1343 844 1389 inter
870 1337 1015 1402 W'esel
1037 1346 1082 1386 &
1101 1336 1385 1405 Duffela'orfi

159 1404 221 1453 In
245 1421 462 1471 quantum
482 1405 710 1456 Germani
729 1418 1006 1472 regnantur.
1027 1405 1218 1470 Nempe
1237 1406 1383 1454 multa

95 1488 207 1520 cum
238 1472 463 1522 libertate.
505 1471 632 1524 Vide
664 1470 784 1522 infra
819 1470 877 1521 de
909 1469 1120 1522 Moribus
1154 1470 1383 1524 German..

96 1538 172 1588 Ca
211 1572 223 1585 .
253 1557 326 1590 11.

159 1556 430 1653 ssrovincici.
467 1600 725 1652 Germania
754 1601 988 1650 inferiore.

160 1668 368 1731 Pompeii
386 1668 630 1720 theatrum.
665 1666 773 1716 Fuit
792 1671 843 1717 in
864 1668 991 1717 nona
1008 1666 1153 1716 Urbis
1175 1669 1388 1735 regione-⁴

95 1734 254 1804 Large
281 1735 530 1784 sufficiebat
554 1733 863 1803 quadraginta
888 1734 1091 1783 millibus
1121 1733 1384 1786 hominum.

93 1801 219 1850 Plin.
240 1801 468 1853 XXXVI
489 1841 502 1862 ,
538 1817 591 1862 15
617 1840 631 1862 ,
664 1819 793 1849 num.
815 1820 862 1859 7.

72 1899 74 1903 -
162 1865 399 1919 Ludicris.
439 1867 690 1917 Germanis
718 1886 863 1916 unum
891 1865 1067 1915 tantum
1094 1881 1190 1916 erat
1219 1872 1265 1914 &
1288 1866 1385 1915 mi-

94 1932 229 1982 litare
264 1933 636 2001 spectaculorum
667 1951 830 2002 genus.
858 1932 1012 1982 Tacit.
1035 1933 1091 1982 de
1110 1933 1237 1981 Mor.
1259 1931 1385 1982 Ger-

69 2023 75 2031 ·
93 2018 223 2048 man.
240 1999 446 2068 Cap-24·
463 2001 673 2052 Ludicris
689 1999 1007 2068 theatricisque
1023 2003 1176 2068 operis
1192 1998 1386 2051 minime

99 2066 468 2118 oblectabantur.

165 2196 291 2247 CAP.
314 2198 425 2252 LV.
459 2199 649 2267 Eosdem
671 2215 830 2269 agros,
863 2200 921 2249 In
947 2196 1047 2265 ripa
1067 2196 1247 2263 Rheni,
1267 2203 1387 2251 inter

101 2261 171 2316 W
167 2265 250 2332 esel
276 2272 320 2313 &
349 2267 628 2334 Duffieldorfi
721 2325 723 2327 ,

165 2331 421 2398 Anfibarii.
462 2333 598 2398 Quos
621 2373 635 2396 ‚
678 2348 785 2381 ante
822 2349 930 2380 uam
957 2349 984 2380 a
1004 2329 1205 2382 Chaucis
1236 2332 1388 2396 pelle-

99 2413 256 2447 rentur
281 2439 294 2460 ,
318 2399 543 2449 Amisiam
571 2403 691 2449 inter
719 2406 765 2447 δε
839 2397 1025 2466 isurgim
1047 2438 1060 2461 ,
1100 2399 1301 2449 Chaucis
1337 2403 1384 2444 &

77 2462 395 2534 *Angrivariis
426 2468 695 2530 interjectos
729 2463 997 2534 mediosque
1020 2464 1148 2515 fuiffe
1169 2466 1389 2528 opinatur

98 2527 179 2579 Cl.
217 2533 397 2598 Spener
424 2573 440 2599 ‚
477 2533 663 2586 Notitia
708 2531 935 2586 German.
979 2532 1145 2601 Antiq·
1181 2528 1288 2592 IV,
1325 2546 1350 2596 3
1371 2567 1392 2593 2
1456 2610 1459 2613 Ι

14 2650 21 2657 ,
75 2614 211 2666 pag.
237 2603 348 2650 281.

1085 2659 1211 2728 :fvj
