1659 2917
75 232 262 262 a

70 292 119 335 A.
139 296 191 336 U.
208 296 266 338 C.

115 365 226 414 817.

111 438 148 480 ³.
180 440 232 482 C.

121 510 206 570 ,⁶50

285 132 407 189 254
477 109 550 168 C.
589 105 1041 169 CORNELII
1087 113 1390 173 TAc1T1

284 209 582 271 timoribus
614 256 637 284 ,
690 207 933 270 deterius
989 212 1294 274 credebant
1327 259 1348 284 ,
1400 206 1607 293 quod}

286 314 566 358 evenerat.
1595 339 1597 341 .

371 378 683 439 XXXVII.
709 379 733 435 Ι
749 399 776 434 P
794 400 814 436 s
832 398 859 434 E
884 379 998 457 quo
1021 375 1196 436 fidem
1217 332 1601 459 adquireret)-

284 462 428 523 nihil
448 461 681 544 usquam
705 460 937 543 perinde
958 460 1147 519 laetum
1168 459 1300 539 fibi3
1323 461 1561 544 publicis

280 547 418 607 locis
442 548 643 605 struere
666 544 920 603 convivia
936 591 952 615 ,
976 543 1204 626 totaque
1223 545 1382 604 Urbe
1407 545 1570 626 quasi·
1597 542 1607 618 Ι,’

281 632 458 691 domo
487 631 590 689 uti.
635 631 704 688 Et
734 626 1109 687 celeberrimae
1140 627 1271 687 luxu
1293 626 1560 710 famaque

280 714 454 799 epula:
488 712 644 773 fuere
667 760 688 785 ,
729 735 862 793 quas
904 736 935 770 a
969 711 1263 795 Tigellino
1302 733 1513 794 paratas
1537 760 1566 786 5

280 821 343 859 ut
371 797 693 879 exemplum
713 843 729 867 ,
754 793 1029 868 referam,
1054 819 1124 855 ne
1148 795 1334 877 saepius
1354 796 1560 856 eadem

276 881 636 968 prodigentia
661 879 934 959 narranda
960 879 1043 938 sit.
1084 881 1262 962 Igitur
1283 881 1343 938 in
1367 882 1561 963 stagno
1610 945 1612 947 ,

279 967 542 1049 Agrippae
571 961 868 1021 fabricatus
893 965 967 1022 est
994 984 1172 1022 ratem
1197 1011 1213 1036 ‚
1250 965 1339 1022 cui
1370 962 1563 1047 super-

276 1048 520 1132 posltum
539 1047 862 1105 convivium
880 1046 1114 1105 aliarum
1134 1051 1310 1106 tractu
1323 1050 1558 1107 navium
1595 1053 1600 1059 ’

276 1151 635 1193 moveretur:
657 1153 822 1190 naves
844 1153 976 1189 auro
993 1140 1050 1191 ὃς
1070 1130 1238 1190 ebore
1264 1130 1558 1191 distinctae:
1640 1199 1643 1202 ,

275 1214 630 1299 remigesque
661 1213 902 1288 exoleti,
943 1238 1041 1298 per
1073 1235 1256 1275 aetates
1293 1224 1351 1276 &
1380 1214 1560 1276 scien-

277 1302 419 1362 tiam
437 1299 742 1357 libidinum
764 1298 1267 1381 componebantur.
1281 1298 1563 1361 Volucres

278 1393 338 1447 &
362 1381 504 1443 feras
525 1380 747 1441 diversis
771 1405 802 1441 e
821 1383 977 1441 terris
994 1429 1010 1454 ,
1031 1391 1089 1441 &
1105 1382 1370 1441 animalia
1392 1383 1559 1443 maris
1642 1432 1644 1446 2

276 1470 516 1528 Oceano
548 1462 791 1545 abusque
816 1466 1106 1548 petiverat.
1151 1466 1558 1548 Crepidinibus
1613 1466 1616 1470 ’

278 1551 456 1634 stagni
504 1548 789 1631 lupanaria
841 1548 1128 1607 adstabant
1163 1597 1181 1622 ‚
1240 1548 1565 1610 inlustribus⁴
1613 1553 1615 1559 ’

278 1633 509 1696 feminis
534 1631 817 1714 completa
849 1656 863 1689 ε
904 1640 962 1693 &
991 1634 1184 1691 contra
1209 1630 1389 1692 scorta
1415 1632 1565 1694 vise-

278 1719 487 1780 bantur
510 1765 528 1790 ‚
577 1715 742 1775 nudis
796 1716 1137 1799 corporibus·
1201 1717 1334 1780 Jam
1380 1718 1565 1801 gestus
1606 1714 1626 1798 ἶ,

277 1799 578 1882 motusque
599 1798 826 1860 obsceni
846 1823 864 1878 3
884 1810 942 1861 &
960 1848 977 1872 ‚
999 1802 1293 1884 postquam
1315 1801 1581 1862 tenebrae·

276 1885 620 1954 incedebant
640 1932 656 1956 ,
700 1903 976 1964 quantum
998 1884 1151 1963 juxta
1172 1886 1420 1945 nemoris
1445 1932 1464 1958 ,
1498 1893 1561 1946 &
1601 1886 1606 1892 ’

278 1970 638 2049 circumjecta
660 1971 805 2025 tecta
824 2014 840 2039 ‚
873 1967 1176 2027 consonare
1201 1989 1368 2027 cantu
1391 1976 1451 2029 &
1475 1966 1566 2027 lu·
1611 2004 1630 2031 ·.

279 2051 530 2112 minibus
558 2047 870 2110 clarescere.
916 2049 1034 2133 Ipse
1054 2098 1071 2123 ,
1101 2073 1197 2133 per
1218 2050 1369 2111 licita
1389 2073 1563 2134 atque

277 2135 496 2196 inlicita
526 2132 765 2193 foedatus
782 2181 800 2206 ‚
825 2134 969 2193 nihil
994 2135 1190 2218 flagitii
1218 2135 1519 2218 reliquerat
1536 2181 1560 2209 ,

277 2221 396 2301 qub
439 2218 748 2301 corruptior
791 2239 1023 2302 ageret3
1070 2217 1172 2279 nisi
1203 2243 1406 2303 paucos
1437 2221 1565 2303 post

280 2304 401 2364 dies
431 2302 528 2362 uni
557 2324 621 2361 ex
655 2300 755 2361 illo
792 2303 1304 2364 contaminatorum
1343 2326 1513 2387 grege
1534 2349 1583 2377 ,.
1623 2347 1639 2368 ,.

282 2387 374 2447 cui
418 2408 630 2445 nomen
666 2389 989 2471 Pythagora
1026 2385 1134 2447 fuit
1155 2435 1172 2460 ,
1212 2388 1271 2446 in
1313 2387 1557 2447 modum>
1622 2378 1642 2431 ἶ

281 2468 646 2530 sollemnium
676 2473 1068 2556 conjugiorum
1093 2469 1439 2555 denupfiffet.
1461 2473 1561 2530 In-
1590 2464 1653 2528 ‚³³-

282 2553 476 2621 ditum
513 2557 847 2638 Imperatori
887 2556 1256 2633 flammeum,
1295 2554 1394 2619 vifi
1430 2549 1563 2634 aus?
1588 2549 1619 2627 sfg-
