1725 2983
342 161 1191 221 ANNA*L1UML113.XI.
1332 180 1406 237 27

134 255 462 340 pellicerent
488 305 503 329 ‚
543 256 705 315 fimul
735 257 1092 317 Gannascum
1131 258 1265 318 dolo
1307 261 1409 319 ad-

131 340 514 423 grederentur.
557 342 676 399 Nec
704 341 879 398 inrita:
904 389 920 413 ‚
964 364 1056 400 aut
1101 343 1405 424 degeneres

128 423 337 483 infidiae
390 422 548 484 fuere
602 423 858 482 adversus
909 422 1254 507 transfugam
1287 475 1303 497 ‚
1349 437 1406 488 δε

128 507 465 567 violatorem
513 506 663 567 fidei.
728 508 837 567 Sed
881 508 1028 567 caede
1073 516 1187 589 ejus
1242 533 1406 570 motae

130 593 497 662 Chaucorum
522 612 739 650 mentes
765 639 782 663 ‚
821 599 878 651 &
904 592 1161 651 Corbulo
1196 589 1410 654 semina

129 676 455 735 rebellionis
478 675 787 757 praebebat3
815 696 875 733 ut
895 674 1014 733 laeta
1037 676 1182 758 apud
1206 675 1410 757 pleros-

132 782 242 840 que
269 806 286 831 ,
338 760 416 817 ita
459 758 607 841 apud
651 757 923 838 quosdam
968 759 1169 818 sinistra
1214 757 1365 818 fama
1395 787 1410 820 ε

137 845 310 902 “Cur
336 843 551 901 hostem
587 842 876 901 conciret„2
920 842 1145 902 adversa
1169 844 1227 901 in
1258 865 1411 902 rem-

129 955 164 980 ω
175 925 458 1010 publicam
484 924 667 985 casura
691 951 702 982 :
740 925 870 984 cum
891 926 1146 1009 prospere
1181 924 1373 1008 egisset
1390 976 1410 1000 ‚

130 1008 611 1068 mformidolosum
636 1010 758 1092 paci
780 1011 965 1068 virum
998 1011 1274 1093 insignem
1298 1059 1313 1082 ,
1351 1020 1413 1072 δε

130 1095 378 1177 »ignavo
441 1094 683 1175 Principi
743 1116 1081 1175 praegravem
1106 1124 1164 1153 ο).
1236 1096 1418 1176 Igitur

136 1177 410 1237 Claudius
439 1177 581 1236 adeo
612 1200 819 1235 novam
850 1179 909 1234 in
935 1177 1266 1237 Germanias
1296 1179 1417 1237 vim

136 1261 423 1344 prohibuit
443 1307 460 1332 ‚
488 1281 548 1319 ut
572 1258 766 1320 referri
789 1260 1033 1342 praesidia
1056 1263 1129 1321 cis
1149 1261 1422 1324 Rhenum

133 1344 371 1426 juberet.

222 1429 357 1487 XX.
382 1429 414 1491 J
420 1449 513 1486 AM
533 1429 700 1485 castra
724 1428 783 1485 in
807 1424 990 1485 hostili
1009 1420 1127 1485 solo
1153 1428 1420 1490 molienti

132 1508 494 1583 Corbuloni,
532 1511 614 1569 hae
642 1511 812 1571 literae
836 1509 1166 1571 redduntur.
1217 1513 1319 1573 Ille
1356 1536 1419 1574 re

131 1592 312 1654 subita
333 1644 351 1669 ,
391 1618 740 1677 quamquam
764 1594 944 1655 multa
966 1593 1129 1654 simul
1151 1595 1240 1654 off
1236 1596 1418 1657 unde-

133 1699 325 1739 rentur
345 1727 360 1751 ‚
377 1699 558 1738 metus
577 1702 643 1738 ex
659 1683 1006 1761 Imperatore
1021 1728 1036 1751 ‚
1059 1681 1417 1763 contemptio

134 1785 203 1822 ex
225 1761 468 1820 barbaris
487 1809 503 1833 ‚
532 1761 844 1819 ludibrium
865 1761 1014 1843 apud
1041 1760 1243 1835 socios,
1272 1763 1417 1822 nihil

136 1844 288 1904 aliud
317 1843 636 1927 prolocutus
662 1891 678 1916 ‚
720 1844 893 1924 quam
938 1872 971 1895 cc
993 1846 1192 1903 Beatos
1230 1870 1416 1927 quon-

133 1926 314 1986 adam
337 1927 503 1986 duces
525 1928 818 1987 Romanos
836 1956 895 1998 υ),
920 1925 1140 2008 lignum
1164 1931 1416 2013 receptui

135 2009 311 2070 dedit.
357 2012 441 2069 Ut
478 2032 671 2070 tamen
715 2010 878 2069 miles
923 2011 1107 2069 otium
1148 2035 1416 2087 exueret,

132 2095 280 2154 inter
307 2092 536 2154 Mosam
564 2095 947 2175 Rhenumque
971 2141 987 2165 ‚
1033 2096 1205 2154 trium
1239 2106 1296 2157 &
1330 2099 1417 2157 vi-

136 2178 281 2264 ginti
324 2177 572 2237 millium
613 2176 821 2261 spatio,
872 2175 1071 2236 foffam
1118 2180 1415 2263 perduxit,

135 2260 247 2342 qua
281 2261 492 2335 incerta
527 2262 748 2322 Oceani
791 2282 1145 2321 vetarentur:
1180 2263 1417 2347 infignia

138 2364 330 2404 tamen
359 2346 630 2429 triumphi
659 2344 886 2404 indulfit
911 2345 1125 2418 Caesar,
1159 2350 1416 2427 quamvis

138 2426 355 2486 bellum
377 2429 695 2513 negavisset.
709 2431 827 2488 Nec
851 2428 1031 2488 multo
1050 2432 1166 2512 post
1181 2433 1413 2491 Curtius

139 2507 320 2570 Rufus
343 2513 613 2574 eumdem
638 2514 915 2572 honorem
938 2512 1254 2596 adipiscitur
1271 2563 1286 2586 ‚
1311 2516 1411 2594 qui

140 2594 200 2652 in
225 2618 356 2678 agro
382 2598 659 2660 Mattiaco
685 2596 979 2660 recluserat
1000 2596 1189 2681 specus
1211 2646 1226 2669 ‚
1268 2620 1412 2678 qute-

1065 2683 1109 2740 B
1153 2682 1192 2758 ij

1431 303 1621 329 ======

1431 353 1482 393 Α.
1503 354 1622 393 U.C.

1469 424 1580 467 800.

1458 501 1499 540 J.
1535 501 1595 543 C.

1490 583 1573 625 47-
