1725 2983
348 119 1202 189 ANNALX1UML1B.XII.
1342 152 1419 204 77

147 225 433 288 auxiliares
457 226 712 284 cohortes
737 273 753 297 ,
786 227 1010 284 avaritia
1033 227 1417 308 praefectorum
1442 264 1633 289 εἶς.

148 306 418 369 incautius
436 308 790 392 populantes,
818 309 1177 391 intercepere.
1205 313 1418 393 Spolia·
1446 318 1491 357 A.
1511 315 1634 356 U·C·

149 415 257 473 que
279 402 335 453 δε
358 414 601 474 captivos
622 390 942 474 largiendO,
966 413 1170 451 ceteras
1193 418 1416 474 quoque

146 476 400 536 nationes
422 475 493 534 ad
518 472 903 535 defectionem
929 476 1222 537 trahebant
1240 524 1256 547 ‚
1287 478 1416 535 cum

150 558 318 617 taedio
351 582 606 629 curarum
634 555 795 617 fessus
823 559 1074 618 Ostorius
1102 606 1118 630 ,
1161 561 1418 631 concessit

146 640 260 700 vita
284 690 300 714 ‚
354 642 486 701 laetis
539 641 780 700 hostibus
807 688 824 714 ‚
872 662 1163 722 tamquam
1213 642 1418 701 ducein

147 725 298 784 haud
340 723 717 808 spernendum
745 772 762 796 ,
812 724 908 783 etfi
950 748 1065 782 non
1113 724 1376 807 proelium
1400 773 1419 798 ,

146 828 202 866 at
238 810 383 867 certe
418 806 635 867 bellurn
662 855 678 880 ‚
722 805 1113 889 absumpsisset.

227 892 352 949 XL.
371 891 462 949 Ar
482 893 713 950 CAEsAR
728 938 744 962 ‚
767 886 989 973 cognita
1013 911 1197 949 morte
1220 887 1419 971 legati,

143 997 216 1034 ne
272 974 519 1033 rovincia
536 972 647 1032 fine
665 978 875 1032 rectore
892 972 1057 1047 foret,
1078 973 1150 1032 A.
1170 973 1418 1032 Didium

143 999 267 1116 suff?

143 1142 385 1222 integras
411 1162 494 1199 res
525 1139 741 1198 invenlt
766 1187 782 1211 ‚
820 1139 1047 1199 adversa
1075 1139 1304 1198 interim
1336 1139 1420 1199 le·-

145 1224 324 1306 gionis
344 1223 546 1306 pugna,
563 1223 650 1280 cui
673 1223 922 1282 Manlius
935 1222 1145 1284 Valens
1165 1243 1421 1305 praeerat:

145 1311 415 1387 auditaque
461 1315 519 1365 ὃς
558 1306 705 1387 apud
743 1306 921 1365 hostes
954 1314 1067 1387 ejus
1109 1309 1189 1366 rei
1226 1303 1378 1364 fama
1401 1354 1420 1378 ,

142 1391 255 1470 qub
274 1389 599 1448 venientem
622 1388 828 1448 ducem
857 1410 1231 1467 exterrerent3
1252 1410 1421 1470 atque

140 1471 241 1530 illo
277 1492 516 1555 augente
551 1471 739 1530 audita
761 1520 778 1544 ,
822 1495 882 1531 ut
907 1480 1087 1555 major
1116 1472 1231 1532 laus
1259 1496 1422 1531 com-

140 1554 324 1639 positis
347 1603 363 1627 ‚
400 1554 489 1614 vel
524 1553 564 1613 fi
605 1553 942 1616 duravissent
971 1603 988 1628 ,
1032 1557 1195 1615 venia
1230 1557 1420 1637 justior

48 1687 56 1692 .
142 1637 495 1697 tribueretur.
556 1637 756 1698 Silures
785 1638 847 1697 id
876 1662 1102 1719 quoque
1140 1639 1419 1698 damnum

139 1719 444 1779 intulerant
466 1766 484 1791 ,
523 1718 744 1800 lateque
775 1721 1150 1802 persultabant
1175 1770 1192 1794 ,
1235 1721 1420 1780 donec

60 1828 62 1830 ’
143 1800 363 1862 accursu
377 1802 542 1861 Didii
557 1802 912 1885 pellerentur.
934 1803 1042 1863 Sed
1055 1806 1174 1886 post
1191 1825 1418 1886 captum

141 1888 511 1945 Carastacum
534 1931 551 1955 ‚
590 1886 891 1968 praecipuus
914 1884 1142 1946 scientia
1164 1887 1245 1946 rei
1263 1887 1420 1946 mili-

139 1969 268 2028 taris
290 1966 565 2029 Venufius
589 2016 605 2040 ‚
655 1991 686 2029 e
710 1970 741 2032 J
747 1990 1020 2052 ugantum
1046 1971 1269 2030 civitate
1291 2018 1309 2043 ,
1357 1990 1420 2030 ut

140 2050 297 2134 supra
326 2051 667 2123 memoravi,
688 2051 941 2133 fidusque
967 2053 1064 2112 diu
1081 2102 1097 2125 ,
1123 2063 1179 2114 &
1199 2055 1418 2113 Roma-

139 2135 226 2194 nis
255 2135 425 2194 armis
448 2132 706 2193 defensus
729 2183 745 2207 ,
772 2135 904 2194 cum
922 2135 1418 2196 Cartismanduam

63 2260 65 2262 -
145 2217 397 2294 reginam
435 2219 802 2277 matrimonio
836 2241 1052 2279 teneret
1075 2268 1093 2292 ,
1128 2243 1260 2296 mox
1291 2242 1417 2280 orto

141 2298 410 2372 discidio,
452 2310 510 2360 ἃ
534 2302 715 2359 statim
736 2302 888 2362 bello
907 2350 924 2374 ,
964 2304 1134 2362 etiam
1159 2303 1417 2363 adversus

140 2406 242 2443 nos
269 2383 483 2442 hostilia
507 2384 780 2444 induerat.
836 2385 943 2445 Sed
976 2388 1160 2469 primb
1191 2386 1413 2445 tantum

137 2465 288 2526 inter
311 2465 452 2548 ipsos
473 2468 790 2527 certabatur
809 2517 826 2541 ,
851 2468 1175 2551 callidisque
1199 2468 1415 2528 Cartis-
1459 2486 1463 2489 “

139 2547 387 2621 mandua
408 2550 613 2613 artibus
635 2599 654 2626 ‚
697 2549 930 2614 fratrem
968 2577 1029 2614 ac
1071 2553 1415 2635 propinquos

1069 2638 1129 2697 D
1171 2635 1230 2718 fij

250 1058 373 1116 ecit.
435 1060 487 1116 Is
530 1059 760 1139 propere
798 1062 984 1116 vectus
1010 1105 1026 1128 ‚
1072 1080 1188 1115 non
1228 1063 1450 1117 tamen*

1488 388 1596 440 803.

1483 459 1519 497 J.
1547 459 1598 501 C.

1500 535 1576 579 50·
