1637 2917
270 118 639 187 L1B.XV1.
681 136 1174 184 ANNAmuivn
1265 130 1382 204 375'

186 223 430 285 XCVII.
482 228 698 283 GALBA
724 271 740 295 ,
782 225 865 284 his
909 225 1181 285 obnoxius
1205 272 1222 296 ,
1264 241 1603 284 non=···-—-··-=2

104 305 298 390 suopte
322 309 553 391 ingenio
571 356 589 380 ,
617 305 714 367 sed
737 330 836 388 pro
863 331 1062 367 eorum
1086 308 1378 390 cupidine,
1399 301 1449 341 A.
1469 301 1519 340 U.
1541 300 1595 343 C.

13 451 17 458 ,
105 392 421 474 regebatur.
445 395 548 452 Per
570 415 663 452 eos
688 414 821 474 ergo
846 390 1001 450 licuit
1026 414 1086 451 ut
1108 393 1340 452 Helium
1362 439 1378 465 ‚
1440 376 1560 490 ξιξ

11 529 26 545 .,
106 475 457 554 Polycletum
479 521 497 547 ‚
533 477 832 545 Petinum,
870 476 1232 548 Patrobium‚
1269 478 1381 535 Ne-
1457 478 1515 563 {3
1549 473 1569 489 ⁹

105 561 257 618 ronis
286 559 591 618 libidinum
622 559 898 619 ministros
919 604 939 629 ‚
965 558 1249 640 plecteret.
1282 560 1386 618 Ti-
1520 545 1546 569 ⁴*

107 642 386 726 gellinum
431 646 565 703 vero
594 690 611 714 ,
661 643 996 723 nequiorem
1040 651 1099 702 δε
1142 642 1385 702 invisum

105 728 287 808 magis
311 774 327 798 ,
366 747 422 785 at
444 725 647 808 magna
669 727 1032 807 pecuniarum
1058 726 1114 786 vi
1131 723 1385 786 favorem

106 811 181 868 T.
213 809 374 871 Vinii
412 830 758 869 emereatum
786 857 803 882 ,
859 810 1032 868 morti
1072 809 1333 869 subduxit
1361 833 1389 887 3.

104 892 495 974 populumque
539 895 869 953 Romanum
906 941 924 965 ‚
984 894 1082 975 qui
1130 917 1262 954 eum
1313 893 1385 952 ad

106 1000 297 1059 poenas
315 977 516 1036 affidue
532 978 817 1059 repetebat
832 1025 850 1049 ‚
874 977 1060 1037 edicto
1083 978 1387 1058 increpuit,

103 1061 266 1142 quod
308 1089 342 1113 <c
364 1061 662 1121 hominem
709 1061 839 1121 tabe
891 1059 1071 1122 ferme
1122 1067 1391 1122 enectum

103 1173 143 1198 a>
153 1142 613 1226 persequerentur
629 1170 689 1203 »ε
715 1146 1029 1226 flagitabam
1049 1169 1120 1204 ne
1133 1175 1164 1197 oc
1178 1147 1389 1205 Princi-

103 1250 343 1309 aepatum
372 1227 533 1288 suum
568 1250 924 1289 cruentarent
949 1277 966 1302 ‚
1009 1228 1392 1310 odiosumque*

104 1310 472 1372 aefacerent».
551 1312 869 1395 Tigellinus
909 1361 926 1385 ‚
995 1311 1146 1394 quasi
1209 1312 1385 1373 deum

103 1418 340 1455 munere
367 1394 608 1455 servatus
632 1442 650 1468 ‚
694 1420 794 1478 pro
834 1395 1005 1456 salute
1052 1395 1146 1455 sua
1185 1397 1383 1476 litare3

104 1503 429 1564 magnoque
474 1478 700 1561 sumptu
757 1479 943 1561 parata
993 1477 1129 1540 cena
1157 1526 1174 1550 ,
1222 1482 1385 1541 Vinii

102 1564 230 1625 filice
249 1611 266 1636 ‚
292 1564 397 1623 alia
415 1571 531 1644 jam
552 1563 812 1644 elargitus
831 1610 847 1634 ‚
870 1562 1055 1623 decies
1075 1562 1384 1624 sestertium

101 1648 414 1731 propinare.
437 1650 687 1705 Pronum
702 1646 928 1706 credere
947 1646 1120 1727 quam
1131 1645 1392 1709 id'fuerit*

104 1729 314 1814 populo
362 1732 647 1812 ingratum
689 1776 708 1802 ,
769 1753 888 1810 quae
932 1729 1067 1789 inde
1123 1729 1382 1792 adversus

104 1814 351 1874 Galbam
387 1814 617 1873 invidia.
672 1813 1040 1873 Accedebant
1073 1814 1268 1873 tetrica
1302 1814 1382 1876 se-

104 1903 299 1958 nectus
317 1945 334 1969 ,
360 1899 519 1956 tristis
541 1897 768 1956 avaritia
786 1944 803 1969 ,
828 1899 1142 1979 praepostere
1170 1919 1383 1959 tentata

102 1981 331 2064 imperii
360 1980 510 2063 leges
529 1979 823 2062 moresque
847 1982 1192 2042 emendandi
1207 1982 1381 2044 confi-

102 2065 179 2125 lia
200 2112 217 2137 ,
251 2074 310 2126 &
334 2089 475 2124 vana
497 2064 770 2124 libertatis
789 2066 1044 2125 restitutae
1068 2067 1381 2128 ostentatio·

103 2155 375 2212 Praeterea
388 2148 693 2230 gliscebant
716 2172 813 2230 per
835 2152 1101 2209 exercitus
1121 2151 1381 2232 querelae,

103 2232 261 2316 quod
299 2232 628 2292 donativum
670 2232 1146 2314 sibi-promissum
1186 2232 1381 2294 frustra

105 2315 473 2399 reposcerent.
539 2314 800 2376 Efferavit
842 2341 1068 2400 quoque
1112 2319 1330 2377 animos
1357 2365 1379 2390 ,

105 2400 403 2482 magnifica
431 2447 449 2472 ,
505 2397 600 2459 sed
644 2424 761 2459 non
806 2402 927 2462 talis
976 2403 1331 2484 Imperatoris
1357 2447 1376 2471 ‚

105 2507 211 2548 nec
259 2484 419 2566 hujus
472 2485 738 2566 temporis
767 2532 786 2559 ,
841 2509 986 2562 vox,
1034 2486 1197 2566 oelegi
1250 2509 1280 2545 a
1319 2482 1378 2543 se
