1725 2983
343 171 820 211 ANNAthM
867 150 1209 219 L1B.X11.
1341 157 1409 227 91

143 256 227 336 j'us
278 250 551 310 statuendi
613 250 785 309 etiam
844 249 915 308 de
967 249 1415 332 procuratoribus

145 334 394 394 dederat.
461 334 570 393 Sed
613 332 932 408 Quadratus
976 332 1218 391 felicem
1267 334 1414 393 inter

92 452 93 455 ¹
142 417 354 501 judices
377 417 669 476 ostentavit
689 464 704 488 ‚
730 436 1018 496 receptum
1041 415 1099 473 in
1129 416 1370 476 tribunal
1394 466 1410 490 ,

144 504 258 583 quo
318 500 494 559 studia
551 498 927 560 accusantium
982 498 1410 560 deterrerentur.

145 583 573 665 Damnatusque
602 583 941 666 flagitiorum
965 629 982 654 ,
1021 605 1139 662 quae
1168 581 1281 640 duo
1312 583 1413 643 de—

145 669 423 749 liquerant
443 716 460 740 ,
481 670 775 727 Cumanus
799 690 816 745 3
858 673 915 726 δέ
942 667 1098 746 quies
1122 667 1417 747 provinciae

146 751 383 811 reddita.

225 836 350 895 LV.
366 834 489 891 N1-:c
511 831 693 891 multo
712 831 1145 915 pbstagrestium
1162 831 1415 890 Cilicum

144 919 417 988 nationeS,
438 917 638 996 quibus
660 921 921 975 Clitarum
945 937 1413 998 cognomentum„

141 999 276 1084 [epe
301 1009 360 1060 δε
383 999 514 1058 alias
537 1021 837 1058 commotae
859 1048 876 1072 ‚
919 1021 1050 1058 tunc
1093 997 1413 1058 Trosobore

143 1084 314 1157 duce,
344 1104 565 1142 montes
599 1082 814 1164 asperos
849 1084 1028 1142 castris
1052 1105 1267 1165 cepere.
1308 1081 1417 1141 At-

143 1191 254 1248 que
292 1168 426 1226 inde
469 1167 698 1225 decursu
734 1167 794 1225 in
831 1165 1034 1239 litora,
1076 1187 1170 1225 aut
1209 1165 1371 1225 urbes
1396 1213 1416 1238 ,

143 1253 262 1309 vim
287 1250 593 1309 cultoribus
623 1258 681 1310 &
702 1249 994 1332 oppidanis
1015 1297 1032 1322 ,
1073 1274 1132 1308 ac
1165 1250 1415 1330 plerum-

142 1357 252 1415 que
285 1335 345 1392 in
384 1354 718 1392 mercatores
749 1343 805 1393 δε
838 1332 1204 1392 navicularios
1241 1333 1415 1409 affide-

141 1417 294 1476 bant.
349 1415 692 1498 Obseffaque
732 1416 923 1475 civitas
958 1415 1414 1488 Anemuriensis,

141 1508 199 1561 &
222 1499 362 1558 missi
382 1523 411 1559 e
436 1499 583 1578 Syria
604 1502 662 1558 in
687 1498 991 1558 subsidium
1015 1501 1258 1580 equites,
1282 1524 1412 1558 cum

142 1582 399 1667 praefecto
421 1584 624 1643 Curtio
645 1586 848 1643 Severo
867 1632 884 1655 ,
907 1583 1199 1641 turbantur
1222 1608 1234 1641 :
1260 1582 1416 1663 quod

143 1666 270 1725 duri
287 1665 498 1723 circum
517 1664 646 1736 loci,
667 1665 1056 1746 peditibusque
1078 1666 1149 1723 ad
1166 1687 1416 1746 pugnam

143 1747 367 1818 idonei,
399 1749 645 1827 equestre
671 1746 932 1829 proelium
953 1746 1103 1805 haud
1125 1747 1414 1830 patieban-

146 1852 248 1891 tur.
261 1831 415 1888 Dein
443 1851 535 1888 rex
561 1837 675 1909 ejus
702 1852 809 1887 orae
828 1829 1141 1888 Antiochus
1157 1879 1173 1901 ,
1196 1830 1417 1889 blandi-

110 1914 113 1917 ⁴
144 1914 351 1973 mentis
367 1911 623 1971 adversus
643 1912 890 1994 plebem,
907 1910 1101 1971 fraude
1115 1914 1174 1971 in
1190 1913 1418 1986 ducem,

145 1996 276 2056 cum
300 1994 664 2054 barbarorum
685 1997 868 2078 copias
888 1993 1216 2056 diffociasset
1234 2044 1250 2068 ‚
1275 1998 1423 2055 Tro-

142 2079 338 2139 fobore
374 2077 667 2163 paucisque
700 2078 1381 2161 primoribus‘interfe&is
1401 2127 1422 2152 ,

145 2183 356 2226 ceteros
393 2161 695 2222 clementia
728 2161 1059 2245 composuit.

226 2248 378 2321 LVI.
421 2249 531 2306 SUB
567 2246 724 2306 idem
757 2267 976 2327 tempus
1000 2294 1017 2318 ,
1056 2246 1204 2305 inter
1233 2244 1419 2305 lacum

146 2329 417 2388 Fucinum
473 2352 817 2410 amnemque
872 2331 1029 2388 Lirin
1070 2377 1086 2401 ‚
1153 2344 1419 2411 perrupto

148 2433 345 2472 monte
372 2460 388 2484 ,
429 2415 544 2492 quo
577 2412 996 2494 magnificentia
1024 2413 1206 2495 operis
1235 2436 1266 2471 a
1292 2411 1417 2495 plu-2·

149 2496 309 2554 ribus·
327 2494 589 2556 viseretur
610 2545 626 2569 ‚
661 2497 783 2556 lacu
813 2496 874 2554 in
902 2495 1030 2579 ipso
1048 2494 1242 2555 navale
1269 2517 1419 2577 proe-

147 2578 290 2641 tium
318 2578 615 2644 adornatur
639 2603 656 2659 3
697 2601 758 2642 ut
789 2580 1080 2665 quondam
1103 2579 1420 2662 Augustus-,-

1433 275 1624 304 za-

1433 337 1480 378 A.
1499 338 1548 376 U.
1569 335 1624 375 C.

1473 409 1584 460 805.

1465 485 1502 524 J.
1533 482 1590 522 C.

1493 562 1571 609 5²·-
1636 591 1641 594 .
