1659 2917
257 145 369 201 228
449 141 1014 202 C.C0RNE1.11
1060 142 1364 204 ΤΑοιτι

41 268 232 292 =====
257 264 487 324 gerere,
528 240 789 302 malebat.
838 242 1240 337 Scripseratque
1273 240 1525 303 Caesari
1502 287 1526 315 ,
1575 269 1596 292 ς

37 318 89 359 A.
110 321 161 357 U·
183 319 233 358 C.
267 327 537 408 ccproprio
559 325 698 385 duce
722 349 858 408 opus
882 326 1028 399 effe,
1065 350 1164 408 qiu
1189 328 1524 386 Armeniam
1584 325 1585 328 ¹

79 387 200 503 {3¹2⁸
257 407 681 469 wdefenderet:
722 409 973 501 Syriam,
1012 375 1309 490 ingruente
1339 408 1525 471 Volo-

53 490 175 577 ’ἐὴ
256 491 463 574 „gese,
498 494 707 551 acriore
740 493 799 550 in
832 491 1150 552 discrimine
1190 491 1373 552 effe».
1415 492 1526 551 At·-

90 564 112 587 i
256 599 366 658 que
409 577 637 635 interim
689 576 925 656 reliquas
973 576 1221 656 legiones
1265 598 1365 657 pro
1410 574 1527 657 ripa

250 660 543 742 Euphratis
568 659 744 717 locat:
773 658 1193 717 tumultuariam
1217 681 1529 741 provincia-

250 743 394 802 lium
441 766 674 802 manum
709 763 939 800 armat:
998 742 1218 800 hostiles
1260 740 1528 824 ingreffus

249 824 545 910 praesidiis
533 825 833 907 intercipit.
881 828 947 883 Et
984 827 1114 906 quia
1148 848 1325 906 egena
1360 847 1527 905 aqua*

248 933 379 968 rum
425 911 580 990 regio
629 911 743 979 est,
786 907 1002 967 castella
1043 907 1291 966 fontibus
1338 907 1526 990 impo-

250 992 390 1052 fita·
429 990 703 1073 quosdam
742 992 886 1051 rivos
922 993 1183 1073 congestu
1213 1014 1387 1051 arenae
1425 992 1528 1050 ab·-

246 1075 422 1149 didit,

338 1160 441 1220 IV.
471 1159 558 1216 EA
579 1180 710 1217 DUM
735 1182 766 1217 a
781 1157 1108 1219 Corbulone
1128 1157 1347 1219 tuendae
1371 1158 1533 1237 Syriae

252 1262 562 1326 parantur,
605 1246 727 1300 acto
754 1243 956 1335 raptim
981 1243 1205 1324 agmine
1234 1241 1531 1314 MoneseS,

252 1346 318 1384 ut
345 1324 555 1384 famam
578 1322 658 1383 sul
679 1346 927 1406 praeiret,
954 1350 1069 1384 non
1092 1326 1223 1385 ideo
1245 1324 1493 1386 nescium
1509 1371 1529 1397 ,

254 1430 352 1468 aut
379 1409 701 1479 incautum,
732 1409 1021 1488 Tigranen
1050 1408 1304 1468 offendit.
1346 1411 1532 1468 Occu-

257 1512 482 1575 paverat
497 1492 922 1571 Tigranocerta,
942 1492 1141 1550 urbem
1128 1491 1315 1584 copia
1336 1490 1533 1550 defen-
1593 1530 1597 1539 ·

256 1575 445 1635 sorum
475 1583 530 1632 δε
555 1574 942 1653 magnitudine
969 1575 1244 1633 moenium
1267 1574 1529 1634 validam.

258 1658 357 1720 Ad
391 1658 503 1715 haec
545 1657 949 1738 Nicephorius,
993 1658 1172 1715 amnis
1207 1657 1358 1716 haud
1380 1657 1532 1740 sper-

258 1740 447 1802 nenda
466 1739 780 1812 latltudine
800 1761 1014 1823 partem
1031 1763 1321 1800 murorum
1336 1741 1531 1800 ambit:
1594 1758 1618 1802 Δζ

261 1834 320 1886 &
349 1823 550 1884 ducta
537 1846 733 1904 ingens
764 1820 941 1895 fossa,
979 1846 1087 1904 qua
1112 1824 1287 1884 fluvio
1308 1822 1532 1884 diffide-

259 1909 438 1968 batur.
472 1909 808 1986 Inerantque
839 1906 1072 1965 milites
1061 1952 1077 1982 ‚
1104 1916 1161 1966 δε
1183 1907 1381 1989 provifi
1405 1909 1532 1967 ante
1569 1908 1598 1979 {2}

264 2010 652 2050 commeatus:
685 2012 926 2069 quorum
949 1987 1212 2048 subvectu
1234 2013 1393 2072 pauci
1417 1992 1533 2050 avi-

263 2073 386 2133 dius
416 2070 711 2173 progreffi,
746 2079 803 2131 &
826 2072 1126 2153 repentinis
1156 2073 1397 2132 hostibus
1430 2075 1533 2132 cir-
1564 2072 1572 2110 ’ῑ

264 2175 679 2227 cumvent1,1ra
700 2177 909 2237 magls,
928 2178 1098 2235 quam
1114 2177 1300 2229 metii,
1320 2178 1531 2217 ceteros

262 2239 646 2301 accenderant.
701 2238 810 2297 Sed
838 2239 1038 2298 Partho
1066 2240 1136 2298 ad
1161 2238 1531 2333 exsequendas

262 2322 577 2382 obsidiones
607 2320 761 2380 nulla
797 2321 1049 2382 cominus
1090 2323 1355 2383 audacia:
1399 2346 1558 2385 raris

261 2405 510 2488 sagittis,
542 2428 723 2486 neque
747 2403 955 2465 clausos
975 2427 1252 2479 exterret,
1277 2405 1531 2468 &semet
1587 2475 1589 2477 .

268 2453 563 2549 frustratur.
638 2488 920 2548 Adiabeni
953 2536 969 2561 ,
1025 2513 1154 2548 cum
1201 2512 1528 2572 promovere
1559 2481 1598 2543 ³55.

266 2572 434 2636 scalas
455 2580 511 2633 δε
533 2571 1014 2635 machinamenta
999 2574 1342 2656 inciperent,
1367 2569 1593 2649 facilen
1564 2546 1594 2581 χ
