1637 2917
265 193 387 260 406
451 186 533 243 IN
574 183 879 245 Lunum
923 200 1459 241 nuonssctmuM

264 284 518 350 distinguit.
548 297 618 342 15.
638 281 693 330 In
716 281 902 348 publico
927 279 1062 330 decus
1084 299 1295 341 morum,
1320 276 1541 348 magnuss-

267 367 361 418 que
384 350 611 414 pudicitiae
631 348 800 396 honos.
843 355 917 395 16.
938 347 1131 396 Diaetica
1158 350 1341 414 imperii
1366 347 1508 395 studia
1524 384 1542 407 ,
1600 344 1625 401 ,L

270 415 435 483 quibus
454 415 696 482 diligenter
713 413 974 482 inquisitum
989 453 1002 475 ‚
1028 416 1348 480 experimentis
1370 414 1555 478 explo-.

267 499 420 531 ratum
439 520 452 541 ‚
480 480 707 549 literisque
732 481 940 530 traditum
958 519 970 541 ‚
1003 480 1227 547 quidquid
1252 480 1543 546 leguminum
1593 499 1602 530 ·,
1630 520 1635 533 ,

263 554 317 598 ,&
338 548 543 596 radicum
561 548 693 597 edule
718 587 730 609 ,
766 547 924 595 sanum
944 583 957 606 ‚
990 563 1044 594 ac
1076 545 1248 594 salubre
1273 584 1286 606 ,
1313 545 1462 610 potest
1491 547 1541 592 in
1604 558 1637 598 ,ξ

267 615 569 663 sterilitatibus
590 613 777 680 aliisque
797 629 1056 678 temporum
1083 611 1408 662 necessitatibus
1440 609 1543 659 fru-

266 696 477 730 mentum
506 687 551 728 &
577 698 765 748 oryzam
793 678 1017 744 supplere.
1479 724 1483 734 ,

335 745 438 796 Has
464 744 570 795 sane
595 746 744 794 causas
769 747 1047 812 quicumque
1073 742 1239 794 attente
1266 742 1535 810 perpende-
1608 685 1637 839 ξ

267 814 354 874 rit,
381 813 504 862 haud
526 814 760 861 mirabitur
779 827 950 860 tantam
969 810 1056 859 effe
1081 813 1200 860 Sinis
1223 813 1389 877 populi
1414 811 1541 857 mul-

267 878 524 928 titudinem.
561 878 627 927 At
644 879 691 926 id
709 895 958 926 commune
978 880 1041 925 est
1060 877 1323 925 hominibus
1344 879 1502 925 vitium
1523 913 1540 936 ,
1607 832 1632 939 ξ

267 961 317 993 ut
333 945 448 993 nihil
464 945 607 992 ferme
628 944 852 991 moderati
869 943 1084 992 habeant.
1097 943 1147 991 Ν
1150 944 1267 990 ostra
1282 946 1330 992 in
1350 942 1540 1007 Europa

263 1009 380 1075 saepe
394 1029 490 1058 non
506 1009 605 1058 satis
620 1009 864 1058 consulitur
876 1009 1121 1058 hominum
1137 1009 1541 1076 multiplicationi:
1592 1067 1600 1074 ᾖ
1622 1018 1626 1025 “

262 1077 389 1142 apud
414 1077 546 1125 Sinas
566 1114 578 1136 ‚
611 1079 746 1125 nimis
785 1073 1046 1125 consulitur.
1082 1074 1228 1123 Unde
1248 1078 1326 1124 illa
1351 1088 1536 1122 morum

259 1159 510 1210 portenta,
539 1142 701 1210 quibus
731 1156 942 1208 parentes
979 1140 1256 1190 monstrosos
1289 1143 1456 1190 liberos
1491 1146 1538 1187 &
1593 1122 1625 1199 l

261 1209 490 1258 invalidos
518 1248 531 1270 ,
573 1207 651 1256 sub
690 1207 790 1274 ipso
832 1225 966 1274 partu
999 1247 1012 1269 ,
1057 1223 1290 1272 enecant3
1333 1206 1452 1256 filios
1483 1222 1539 1254 ac
1606 1199 1619 1251 5

261 1274 465 1324 maxime
498 1275 616 1323 filias
635 1314 648 1336 ,
681 1291 922 1341 premente
953 1275 1116 1341 inopia
1136 1314 1149 1336 ‚
1186 1289 1456 1343 exponunt,
1490 1279 1538 1320 δε
1606 1307 1617 1352 3

257 1340 497 1390 doloribus
535 1343 766 1408 mortique
803 1341 1065 1389 devovent:
1097 1338 1196 1409 ipsa
1229 1342 1414 1407 imperii
1444 1336 1540 1387 dis-
1603 1358 1623 1402 :3-

260 1410 456 1456 crimina
479 1445 492 1466 ,
540 1409 613 1454 cui
651 1406 854 1473 lugenda
889 1408 1099 1454 imminet
1132 1410 1266 1455 ruina
1299 1445 1313 1467 ‚
1357 1407 1537 1473 quoties
1608 1410 1623 1470 ξ

258 1472 420 1522 sudum
440 1471 739 1540 serenumque
758 1473 819 1520 est
837 1473 996 1520 caelum
1014 1510 1027 1531 ,
1052 1489 1140 1520 nec
1160 1471 1318 1521 decem
1341 1473 1506 1537 pluviae
1520 1508 1536 1532 ,

257 1539 423 1606 quibus
458 1556 600 1605 oryza
623 1576 637 1598 ‚
677 1540 933 1586 maximum
972 1538 1187 1586 Sinarum
1222 1538 1492 1586 alimentum
1514 1573 1530 1597 ‚
1599 1475 1637 1631 ἰ

256 1606 440 1673 aliaque
463 1606 673 1670 germina
692 1603 955 1670 pullulant,
981 1604 1101 1651 statis
1127 1602 1212 1652 suis
1249 1602 1533 1670 temporibus
1594 1634 1611 1669 2¹
1635 1597 1637 1635 Ξ

255 1688 356 1720 non
396 1686 625 1718 eveniunt.

322 1735 528 1785 Nullane
557 1754 670 1804 ergo
699 1751 822 1785 certa
849 1733 1032 1802 fixaque
1060 1733 1191 1783 datur
1217 1734 1377 1802 regula
1394 1771 1407 1795 ,
1440 1731 1532 1802 qua
1586 1740 1596 1782 ἲ

255 1801 435 1851 definiri
455 1802 590 1868 poffit
611 1842 624 1864 ‚
659 1820 760 1870 quae
783 1802 943 1851 debeat
962 1800 1050 1849 effe
1074 1803 1124 1850 in
1148 1803 1351 1869 imperiis
1371 1800 1532 1849 homi·

254 1886 369 1917 num
403 1869 681 1917 multitudo?
718 1869 869 1916 Datur
905 1866 1022 1917 certe
1051 1905 1065 1928 ,
1110 1883 1258 1933 eaque
1293 1869 1434 1915 oritur
1473 1883 1533 1915 ex
1587 1887 1623 1934 ·.}

253 1936 356 1999 ipsa
377 1937 680 2001 imperiorum
710 1934 871 1983 natur-5
889 1973 903 1996 ,
967 1951 1035 1982 uae
1057 1933 1241 1983 condita
1259 1931 1358 1982 sunt
1377 1948 1426 1982 ut
1446 1934 1530 1981 tuti
1567 1979 1571 1985 ,
1594 1929 1630 1998 ‘3'⁴

253 2002 438 2069 laetique
464 2003 619 2050 vivant
644 2000 874 2048 homines.
915 1951 1045 2051 &era
1079 2016 1193 2065 ergo
1230 2015 1444 2066 certaque
1478 1997 1530 2047 fit
1594 2012 1599 2023 ³
1626 2013 1630 2030 -·

253 2067 458 2131 imperiis
478 2068 665 2133 regula,
692 2066 998 2133 multiplicare
1017 2066 1245 2131 populum
1261 2103 1273 2126 ,
1336 2079 1528 2114 uantum
1572 2090 1575 2097 ·
1626 2086 1627 2093 ¹

253 2132 358 2181 finit
385 2132 591 2181 sccuritas
616 2139 661 2180 &
690 2132 856 2181 laetitia.
896 2130 967 2180 Ea
994 2133 1057 2179 est
1084 2134 1267 2197 imperii
1322 2133 1491 2180 elicitas
1509 2169 1526 2193 ,
1566 2146 1594 2182 ·..·
1623 2124 1629 2151 ³

252 2214 396 2268 quam
440 2216 475 2246 ae
513 2197 568 2247 ue
613 2197 942 2247 commendant
987 2199 1103 2247 ratio
1145 2214 1284 2266 atque
1326 2199 1529 2266 religi05
1576 2221 1585 2243 ι.
1623 2237 1628 2243 .

290 2282 398 2313 uam
422 2265 471 2312 in
517 2265 621 2314 talia
648 2264 885 2330 fundatam
910 2264 1055 2313 voluit
1081 2264 1282 2331 optimus
1304 2263 1527 2330 Princeps
1566 2306 1570 2311 .
1622 2278 1627 2315 ἐ

202 2383 205 2385 ,
250 2282 484 2394 ffrajanus
502 2370 514 2392 ,
538 2347 586 2380 ut
607 2330 806 2379 dicemus
825 2370 837 2391 ,
869 2329 973 2378 etim
1003 2348 1071 2379 res
1093 2334 1187 2392 ejus
1208 2329 1356 2378 sumus
1385 2331 1527 2380 tradi-
1567 2363 1571 2366 -
1601 2331 1626 2388 ,ζ

253 2399 370 2460 turi3
403 2414 542 2464 quam
561 2392 746 2464 egregie
768 2395 995 2463 descripsit
1015 2395 1147 2446 Isaias
1170 2435 1184 2458 ‚
1214 2395 1245 2443 fi
1265 2395 1524 2457 Hebraica,
1550 2422 1584 2457 ,κέ
1609 2448 1611 2451 ,

251 2479 302 2512 ut
316 2461 462 2517 Judaei
479 2463 707 2530 Syrusque
727 2466 964 2528 interpres,
988 2464 1149 2530 legeris
1172 2481 1182 2510 t
1202 2460 1525 2528 Multiplicastz'
1550 2518 1556 2528 ,

239 2544 454 2596 gentem,
475 2530 600 2594 eique
618 2527 920 2595 magnificasti
937 2527 1166 2579 laetitiam.
1195 2526 1524 2594 Laetatifimt,
1607 2559 1625 2583 ,;

232 2594 359 2663 ficut
383 2595 458 2660 qui
483 2594 694 2645 exultant
722 2594 772 2643 in
805 2595 928 2660 meffie
950 2632 966 2654 ,
979 2593 1109 2662 ficut
1141 2592 1354 2644 exultant
1381 2593 1568 2653 vifloe'
1595 2584 1618 2655 ,ῥ’

243 2677 355 2732 res,
392 2660 569 2729 quando
590 2659 982 2728 dividuntspolia.
1019 2659 1122 2712 lsai.
1148 2658 1255 2724 IX,
1286 2677 1331 2728 3.
1539 2685 1543 2689 Δ
1575 2663 1580 2675 ”
