1637 2917
254 184 336 223 tr
382 164 689 224 NERONE
734 165 1230 222 prunum-nus,
1312 182 1429 245 541

163 261 362 315 ulterius
390 262 698 327 testamentum
717 304 732 327 ‚
768 261 841 311 vel
871 260 1102 311 codicillos
1123 302 1138 325 ‚
1161 259 1386 326 scriberet
1413 299 1432 324 ‚

165 328 560 396 kgatumsthisttci
580 329 985 394 manufiripserit,
1003 327 1187 388 perinde
1203 343 1436 384 teneatur,

166 411 226 444 ac
269 412 284 444 z
312 395 579 463 commisiffec
602 397 647 445 in
675 395 816 461 legem
842 393 1104 444 Corneliam
1128 434 1143 456 ,
1185 391 1236 442 Cr
1272 410 1330 442 ne
1361 393 1436 443 vel

163 460 227 511 iis
246 462 382 510 venia
409 460 541 512 detur
557 502 571 524 ,
604 463 677 527 qai
688 465 741 527 Je
763 460 983 527 ignoraſje
1004 460 1134 510 edica·
1137 460 1436 525 severitatem

161 526 476 590 praetendant.
519 528 730 577 Scribere
753 525 1002 592 aittemfibi
1023 526 1223 593 legatum
1246 524 1394 574 videri
1416 564 1434 588 ,

164 592 412 658 non-lolam
434 612 530 643 eum
552 635 566 657 ,
601 596 674 660 qui
697 593 938 657 man'ztfita*
963 590 1141 654 idfecit
1162 590 1275 656 ,βά
1294 592 1433 640 etiam

169 659 247 724 qui
268 661 686 725 perftervumfizum
707 701 721 722 ,
759 657 995 724 velfilium
1018 697 1033 720 ‚
1065 675 1189 724 quem
1211 657 1259 707 in
1280 657 1433 721 potes-

170 739 313 773 tatem
332 725 467 774 habet
479 766 492 788 ,
513 725 712 775 difflanre
732 725 939 788 testatore
955 764 970 787 ‚
1004 723 1154 790 legato
1174 724 1435 774 honoratur.

167 790 350 857 Digest.
370 793 471 839 libr.
493 791 724 844 XLVIII.
751 791 849 840 Tit.
875 810 946 839 το.
972 790 1028 838 de
1052 791 1183 857 Lege
1214 789 1437 838 Cornelia
1464 842 1467 845 ,

167 857 225 904 de
243 855 376 917 falsis,
395 863 437 905 δε
458 858 513 906 de
530 857 909 908 ienatusconsulto
923 857 1207 907 LibonianO.
1224 856 1343 924 Leg.
1364 874 1381 904 1
1394 872 1439 917 ς.

169 939 224 971 ex
247 923 524 972 Callistrato.

235 990 503 1040 Maximum
537 988 640 1039 Nili
673 989 997 1039 incrementum
1031 987 1092 1038 ad
1122 987 1203 1038 hoc
1235 987 1324 1038 aevi
1337 986 1439 1049 fuit

169 1053 422 1105 cubitorum
466 1056 618 1106 decem
669 1054 720 1105 Cr
768 1058 858 1105 ocio
894 1096 908 1119 ‚
958 1053 1152 1105 Claudio
1197 1053 1433 1116 Principe.

166 1120 290 1171 Plin.
310 1121 373 1183 V,
397 1141 445 1180 9.
467 1121 574 1172 sth.
601 1139 676 1170 10.
732 1121 790 1171 Et
813 1124 892 1171 illa
915 1122 1016 1170 Nili
1041 1120 1230 1170 altitudo
1258 1122 1438 1170 cubito-

169 1206 272 1237 rum
298 1207 314 1236 1
328 1193 353 1236 8
366 1227 381 1251 ,
398 1189 474 1238 seu
492 1188 665 1255 pedum
688 1207 745 1247 27
761 1228 775 1251 ,
791 1189 940 1238 adhuc
960 1191 1161 1237 maxima
1183 1189 1259 1236 est.
1278 1186 1409 1236 Nam
1422 1226 1438 1250 ‚

168 1254 276 1303 cum
298 1254 349 1303 P.
368 1256 526 1305 Sicard
548 1273 675 1304 anno
705 1274 827 1314 1720
845 1257 1029 1323 Syenen
1048 1293 1061 1316 ,
1094 1272 1219 1303 nunc
1242 1252 1438 1320 Affouan

170 1320 416 1383 inviseret,
456 1324 520 1370 ibi
560 1323 729 1388 reperit
762 1325 915 1370 ruinas
950 1321 1200 1369 Nilornetri
1221 1359 1234 1381 ‚
1273 1321 1441 1387 quibus

167 1387 404 1436 ¹constabat
428 1390 632 1436 maximo
658 1387 738 1435 suo
762 1391 1047 1436 incremento
1069 1403 1209 1454 aquas
1233 1387 1334 1435 Nili
1365 1385 1439 1434 as·-

165 1454 361 1514 cendere
379 1454 436 1502 ad
459 1473 519 1503 20
539 1470 676 1520 atque
697 1454 834 1502 etiam
852 1454 911 1502 ad
934 1469 988 1512 25
1013 1453 1170 1518 pedes.
1196 1453 1315 1518 Quae
1335 1454 1440 1501 alti-

123 1525 130 1529 *
167 1520 309 1580 tudo,
346 1522 525 1587 inquit,
562 1522 625 1568 est
665 1521 825 1568 triente
864 1521 1014 1581 major
1035 1556 1050 1578 ,
1085 1520 1223 1586 qudm
1253 1537 1354 1587 quae
1383 1523 1434 1568 in

165 1586 276 1635 urbe
299 1585 457 1653 Cayro
475 1625 488 1647 ,
518 1585 560 1634 ‘le
583 1584 719 1635 Caire
739 1623 755 1642 ,
789 1583 1063 1633 observatur.

239 1651 593 1717 Procerzffimum
637 1649 863 1699 hominum
904 1666 1021 1700 aetas
1060 1647 1209 1715 nostra
1243 1687 1259 1710 ‚
1306 1647 1440 1699 Divo

166 1717 363 1767 Claudio
381 1716 598 1779 Principe
614 1756 629 1779 ‚
654 1715 922 1766 Gabbaram
941 1715 1119 1765 nomine
1137 1755 1151 1776 ‚
1178 1731 1235 1764 ex
1257 1714 1437 1765 Arabici

164 1784 397 1833 arivec‘ium
414 1824 429 1847 ,
453 1782 704 1846 IXpeclum
731 1782 780 1832 ἔν
803 1782 987 1832 totidem
1009 1781 1274 1845 unciarum,
1298 1780 1436 1834 vidit.

164 1850 286 1900 Plin.
312 1851 405 1903 VII
422 1890 436 1913 ‚
475 1859 550 1901 16.
578 1847 794 1899 Mensura
816 1866 968 1900 autem
992 1847 1203 1910 Gallica,
1228 1853 1252 1897 8
1272 1846 1436 1913 pieac,

163 1913 229 1967 '10
245 1934 427 1977 pouces.

232 1984 354 2051 Legi
387 1985 536 2033 literas
576 1981 682 2031 Mff.
720 1983 772 2032 P.
808 1984 992 2033 Ducros
1013 2022 1026 2044 ,
1061 1984 1108 2032 S.
1136 1981 1181 2036 J.
1220 1983 1269 2031 in
1305 1982 1437 2032 India

163 2048 438 2099 Miffionarii
466 2090 480 2113 ‚
528 2048 721 2115 scriptas.
755 2050 827 2098 die
870 2070 926 2108 27
962 2049 1230 2099 Decembris
1253 2089 1266 2110 ‚
1308 2068 1435 2098 anno

169 2132 294 2173 1727
314 2153 328 2177 ,
364 2134 465 2183 quae
491 2119 752 2165 nuntiarent
773 2133 1005 2182 repertum
1032 2114 1159 2164 fuiffe
1185 2135 1334 2181 prope
1359 2121 1435 2164 in-

164 2180 310 2230 sulam
345 2181 521 2250 Ceylan
561 2201 804 2246 nummum
846 2182 1068 2243 Claudii,
1110 2182 1439 2247 Imperatoris5

163 2250 308 2297 alium
344 2250 501 2297 recens
537 2251 776 2297 inventum
815 2251 865 2296 in
901 2266 1048 2315 regno
1082 2246 1319 2314 stiajffur,
1356 2252 1438 2316 qui

162 2313 359 2377 TraJ‘ani
389 2313 476 2363 effe
508 2314 766 2364 videretur:
802 2315 916 2362 alios
950 2316 1198 2362 memorari
1226 2315 1437 2364 nondum

164 2380 266 2429 satis
295 2380 574 2446 perspectos.
624 2381 695 2430 Hi
731 2383 942 2440 nummi,
972 2399 1069 2428 non
1105 2381 1436 2430 dominationis

163 2446 418 2507 Romanae,
452 2445 527 2494 sed
560 2451 944 2496 commerciorum
964 2485 977 2507 ,
1010 2448 1153 2495 testes.

228 2512 404 2562 Eruditi
445 2513 809 2563 Herculanenses
847 2512 1152 2574 Academici,
1190 2509 1436 2563 Antichita

164 2577 213 2627 di
244 2578 470 2629 Ercolano
489 2620 504 2638 ‚
538 2580 683 2629 Tom.
706 2579 809 2640 VI,
844 2597 957 2646 pag.
982 2597 1072 2644 309
1095 2617 1107 2639 ,
1145 2577 1436 2644 publicavere

164 2648 401 2714 egregiam
445 2645 629 2697 Claudii
670 2647 965 2714 Imperatoris
1004 2646 1194 2695 statuam
1236 2662 1403 2695 aeream
1418 2683 1438 2710 ‚
