1659 2917
236 161 690 205 ANNALIUM
741 143 905 205 L1B.
949 144 1111 206 XIII.
1214 169 1323 223 137

45 242 228 303 -nitidi
271 253 328 304 &
372 241 649 324 quaestuosi
675 288 691 314 ‚
734 242 935 301 militia
984 267 1078 326 per
1122 244 1328 326 oppida

63 326 291 408 expleta.
337 329 510 408 Igitur
534 325 760 383 dimiffis
783 372 801 396 ‚
839 326 1038 406 quibus
1067 326 1282 386 senecta
1307 375 1323 400 ,

57 429 151 468 aut
174 408 436 468 valetudo
461 407 683 468 adversa
704 428 849 480 erat,
875 407 1324 491 supplementum

57 492 273 574 petivit.
300 493 366 551 Et
387 492 562 550 habiti
585 514 683 574 per
707 490 990 550 Galatiam
1016 516 1077 550 ac
1102 494 1325 574 Cappa-

56 575 281 634 dociam
299 575 564 635 deleows,
580 574 928 655 Adjectaque
947 598 1010 635 ex
1024 576 1328 635 Germania

58 656 210 740 legio
234 706 250 730 ‚
286 682 416 718 cum
440 658 718 738 equitibus
743 657 921 716 alariis
938 706 955 730 ,
997 667 1053 718 δε
1078 658 1329 739 peditatu

57 741 415 799 cohortium:
450 739 804 820 retentusque
840 742 1024 799 omnis
1061 743 1329 801 exercitus

56 821 154 882 sub
182 823 417 905 pellibus
437 871 452 896 ‚
491 824 744 903 quamvis
768 825 956 883 hieme
991 822 1123 882 sceva
1152 824 1292 883 adeo
1311 873 1326 898 2

54 926 117 965 ut
160 906 404 966 obducta
450 906 624 988 glacie
653 955 669 979 ‚
717 905 816 964 nisi
857 905 1043 966 effoffa
1083 907 1286 967 humus
1308 956 1328 980 ,-

55 991 309 1049 tentoriis
347 989 537 1048 locum
570 1013 685 1048 non
720 989 1000 1071 praeberet.
1066 990 1326 1049 Ambusti

53 1072 367 1132 multorum
410 1094 557 1131 artus
593 1073 649 1131 vi
686 1070 906 1155 frigoris
932 1121 948 1145 ,
985 1082 1044 1133 &
1092 1074 1326 1153 quidam

53 1155 201 1215 inter
230 1155 483 1215 excubias
501 1156 802 1214 exanimati
820 1155 960 1215 sunt.
989 1154 1329 1215 Adnotatus-

53 1261 164 1319 que
184 1239 341 1297 miles
359 1286 375 1310 ,
396 1240 494 1318 qui
518 1236 723 1297 fascem
746 1239 1030 1320 lignorum
1054 1240 1325 1320 gestabat,

54 1322 133 1381 ita
159 1319 487 1404 praeriguiffe
515 1345 709 1380 manus
727 1369 743 1392 ‚
778 1342 838 1380 ut
867 1323 1025 1380 oneri
1049 1321 1327 1382 adhaeren-

55 1423 136 1464 tes
152 1452 169 1477 ,
190 1404 395 1463 truncis
416 1404 653 1463 brachiis
672 1404 1014 1465 deciderent.
1035 1403 1154 1487 Ipse
1175 1405 1327 1466 cultu

52 1486 202 1560 levi,
232 1511 293 1547 ca
335 1488 410 1546 ite
431 1488 642 1548 intecto
665 1535 681 1560 ‚
712 1488 771 1546 in
792 1489 1018 1571 agmine
1039 1536 1055 1562 ,
1086 1488 1145 1545 in
1168 1488 1328 1550 labo-

49 1570 202 1630 ribus
226 1619 243 1644 ,
280 1511 549 1652 Sequens.
565 1569 777 1630 adesse:
813 1572 1039 1632 laudem
1064 1572 1291 1632 strenuis
1308 1620 1328 1646 ‚

50 1652 312 1714 solatium
352 1654 610 1714 invalidis
641 1702 658 1727 ‚
704 1655 1026 1738 exemplum
1062 1656 1327 1714 omnibus

53 1737 359 1796 ostendere.
390 1738 617 1795 Dehinc
640 1738 770 1817 quia
788 1737 1054 1797 duritiam
1078 1736 1193 1795 caeli
1215 1740 1327 1796 mi-

51 1820 294 1901 litiaeque
318 1818 483 1879 multi
501 1820 839 1892 abnuebant,
867 1820 1328 1901 deserebantque‚

50 1903 370 1964 remedium
409 1900 697 1963 severitate
735 1903 1022 1983 quaesitum
1055 1905 1146 1963 est.
1204 1906 1325 1964 Nec

49 1988 206 2048 enirn
227 2034 245 2058 ‚
269 2007 330 2045 ut
356 1985 415 2043 in
443 1984 561 2046 aliis
590 1986 916 2047 exercitibus
932 2037 949 2061 ‚
975 1988 1228 2069 primum
1250 1988 1326 2046 al-

43 2091 348 2150 terumque
372 2068 644 2130 delictum
666 2071 829 2129 venia
855 2071 1289 2154 prosequebatur
1304 2120 1322 2144 ‚

49 2152 148 2213 sed
193 2154 291 2232 qui
333 2150 482 2232 figna
526 2152 825 2233 reliquerat
852 2202 870 2226 ,
919 2155 1102 2214 statim
1145 2155 1324 2238 capite

53 2258 241 2320 poenas
286 2234 474 2303 luebat
509 2261 523 2294 ε
578 2237 751 2317 idque
796 2237 895 2296 usu
937 2237 1149 2297 salubre
1192 2287 1210 2312 ,
1265 2248 1325 2299 δε

52 2316 429 2378 misericordia
450 2319 648 2378 melius
670 2321 935 2402 apparuit.
950 2321 1174 2403 Quippe
1194 2343 1323 2403 pau-

55 2405 227 2462 ciores
253 2399 348 2459 illa
377 2404 543 2461 castra
574 2401 861 2464 deseruere
886 2453 904 2478 ‚
946 2404 1117 2486 quam
1161 2427 1225 2464 ea
1261 2404 1321 2462 in

57 2483 254 2568 quibus
291 2484 696 2565 ignoscebatur.

52 2565 55 2569 ’
133 2568 410 2636 XXXVI,
425 2571 689 2631 lmmuM
710 2568 987 2645 Corbu10,
1005 2567 1320 2652 legionibus

1349 264 1541 298 ᾗ

1350 319 1538 362 A.U.C.

1388 394 1496 435 811.

1375 469 1413 508 J.
1460 464 1513 505 C.

1411 534 1486 589 58.
