1637 2917
305 117 1089 181 ANNAMUMNo'r-AE.
1230 138 1340 193 391

60 221 305 287 readeptus
347 211 426 268 est.
480 216 609 266 Huic
647 234 836 284 quoque
871 223 916 265 δε
954 216 1050 265 filio
1072 253 1086 277 ,
1128 217 1349 281 nepotive

48 307 97 340 ’,υ
114 290 246 352 ejus,
281 287 432 353 (nam
468 291 511 332 &
550 283 641 331 hoc
677 285 795 330 inter
833 284 1042 331 auftores
1084 280 1347 348 discrepat)
1408 319 1412 325 .

16 351 99 410 ''mx-’³
113 353 298 402 insertus
334 352 514 401 Servius
541 345 724 400 Tullius
749 367 764 411 3
803 348 835 395 fi
863 350 1042 396 nostros
1078 346 1309 415 sequimur
1332 385 1351 409 ,

20 438 48 484 ι·
69 441 99 469 2³
116 420 296 487 captiva
324 434 454 466 natus
478 415 668 467 Ocrefia
690 433 705 478 ;
733 415 764 463 fi
784 413 962 463 Tuscos
984 453 997 476 ‚
1024 414 1157 463 Caelii
1188 432 1351 482 quon-

20 487 98 535 ἶῖι.»
117 487 224 535 dam
239 485 466 536 Vivennae
484 483 649 533 sodalis
671 480 947 531 fideliffimus
961 520 974 542 ,
991 479 1231 548 omnisque
1249 482 1350 543 ejus

18 547 29 618 ἒ
67 573 97 602 ι)
118 553 247 601 casus
276 570 445 600 comes.
486 550 736 617 Postquam
760 549 883 598 vari&
913 546 1097 596 fortun&
1130 549 1313 595 emotus
1332 584 1350 608 ,

25 638 47 674 ,τ
68 639 99 666 ι)
119 636 224 668 cum
242 618 456 667 omnibus
474 619 675 685 reliquiis
691 615 886 666 Caeliani
904 614 1123 663 exercitus
1137 652 1150 673 ‚
1168 612 1351 662 Etruria

24 697 38 744 s
58 687 100 732 ἰ)
121 685 298 734 exceffit
317 724 329 745 ,
369 701 577 732 montem
602 683 800 732 Caelium
822 683 1066 747 occupavit
1083 699 1098 742 3
1123 685 1167 726 &
1188 697 1213 727 a
1233 680 1351 728 duce

69 772 98 799 v>
118 750 197 801 suo
223 751 369 800 Caelio
387 754 449 799 ita
475 750 768 815 appellitatus
787 785 800 809 ,
829 764 1097 815 mutatoque
1122 748 1315 794 nomine
1333 784 1350 807 ,

67 818 268 883 2³(nam
297 815 448 864 Tusce
470 854 484 878 ‚
530 814 779 879 Mastarna
818 817 859 863 ei
898 832 1076 864 nomen
1116 812 1248 878 erat)
1285 815 1351 862 ita

71 900 101 930 >a
119 884 376 948 appellatus
403 883 466 931 est
485 899 575 942 „ut
594 881 686 930 dixi
706 900 721 944 3
755 888 799 930 &
817 898 1015 948 regnum
1039 879 1213 929 summa
1233 880 1353 943 reip.

67 952 301 999 ”utilitate
327 949 540 997 obtinuit.
586 947 772 997 Deinde
812 950 1059 1016 postquam
1097 946 1352 1014 Tarquinii

49 1016 96 1063 ὅ)
112 1014 292 1081 superbi
323 1032 475 1063 mores
502 1013 634 1064 invifi
665 1016 838 1071 civitati
870 1017 1032 1063 nost'rae
1064 1012 1152 1062 effe
1184 1029 1352 1079 coepe-

65 1098 242 1143 urunt,
267 1080 357 1150 quzi
375 1081 535 1147 ipsius,
563 1079 652 1148 qud
673 1079 875 1129 filiorum
901 1083 995 1145 ejus
1012 1120 1024 1140 ‚
1048 1097 1218 1146 nempe
1238 1096 1353 1145 per-

65 1167 96 1194 »
115 1147 266 1197 taesum
286 1150 348 1196 est
367 1164 545 1197 mentes
571 1149 738 1214 regni3
761 1154 805 1196 δε
826 1147 884 1196 ad
906 1146 1112 1197 consules
1126 1185 1138 1206 ,
1165 1162 1353 1195 annuos

65 1233 94 1261 ι)
112 1216 398 1280 magistratus
420 1253 432 1274 ‚
464 1214 796 1263 administratio
820 1216 936 1280 reip.
958 1215 1167 1263 transsata
1187 1213 1250 1260 est
1266 1232 1314 1260 n.

133 1301 161 1325 «
181 1281 310 1345 Quid
329 1298 455 1329 nunc
473 1298 839 1329 commemorem
858 1280 1088 1329 diC'caturae
1102 1319 1114 1341 ‚
1134 1279 1225 1327 hoc
1245 1275 1351 1344 ipso

67 1364 97 1393 ν)
116 1348 372 1406 consulari,
407 1349 655 1412 imperium
680 1348 903 1396 valentius
925 1385 938 1408 ,
968 1364 1200 1412 repertum
1223 1343 1351 1410 apud

41 1421 45 1424 '
67 1431 97 1459 n
115 1415 312 1475 majores
332 1414 510 1460 nostros
526 1451 539 1473 ‚
568 1430 662 1479 quo
686 1416 736 1460 in
760 1412 1062 1478 asperioribus
1083 1413 1210 1462 bellis
1230 1450 1242 1472 ‚
1272 1426 1351 1459 aut

64 1497 94 1525 ι)
111 1481 159 1527 in
188 1481 310 1528 civili
331 1495 461 1528 motu
483 1478 744 1527 difficiliore
769 1493 1027 1529 uterentur?
1053 1482 1197 1529 autin
1217 1480 1351 1527 auxi-

63 1563 94 1594 ²)
107 1544 230 1595 lium
259 1545 408 1611 plebis
448 1561 622 1593 creatos
660 1546 867 1594 tribunos
901 1547 1055 1611 plebei
1089 1559 1103 1594 ?
1150 1544 1283 1608 Quid
1321 1562 1351 1594 a

63 1631 93 1658 v
113 1611 370 1660 consulibus
394 1610 451 1659 ad
471 1611 756 1660 decemviros
782 1615 1044 1661 transsatum
1064 1613 1348 1678 imperium3

65 1677 357 1745 »solutoque
396 1679 556 1743 postea
589 1677 882 1727 decemvirali
923 1696 1104 1746 regno,
1143 1677 1202 1725 ad
1229 1695 1352 1725 con-

70 1743 229 1792 »sules
265 1742 388 1792 rusus
423 1743 594 1810 (lege,
628 1744 811 1811 rursus)
849 1745 1046 1794 reditum
1076 1758 1089 1792 ?
1134 1743 1264 1808 Quid
1298 1746 1351 1792 in

66 1830 95 1857 ν)
111 1809 252 1873 pluri&
291 1811 307 1876 (
330 1809 379 1858 id
409 1809 469 1875 est
492 1850 504 1871 ,
546 1809 699 1876 plures
729 1811 746 1877 )
789 1812 1071 1861 distributum
1114 1808 1354 1859 consulare

65 1879 359 1942 »imperium
378 1915 391 1937 ,
424 1874 719 1945 tribunosque
742 1880 941 1926 militum
963 1917 976 1939 ,
1011 1877 1237 1927 consulari
1254 1879 1354 1924 im-

63 1945 241 2009 »perio
258 1982 270 2003 ‚
290 1944 551 2010 appellatos
571 1983 583 2004 ‚
607 1947 686 2011 qui
707 1944 802 1993 seni
827 1952 870 1993 &
892 1943 1006 2011 saepe
1034 1946 1195 1992 oetoni
1216 1961 1350 1992 crea-

63 2025 267 2059 urentur
299 2022 313 2058 ?
366 2007 498 2073 Quid
549 2014 915 2059 communicatos
964 2009 1197 2076 postremo
1245 2027 1352 2059 cum

63 2077 244 2141 »plebe
268 2075 472 2125 honores
491 2115 506 2137 ,
545 2095 642 2125 non
666 2080 850 2143 imperii
873 2077 1021 2126 solum
1044 2117 1057 2138 ,
1091 2075 1166 2124 sed
1200 2076 1352 2124 sacer«

37 2179 45 2184 .
64 2161 96 2189 η
113 2142 346 2191 dotiorum
365 2157 584 2210 quoque?
611 2143 720 2197 Jam
745 2144 776 2192 s1
801 2162 984 2193 narrem
1001 2145 1121 2192 bella
1139 2162 1166 2192 a
1187 2143 1354 2210 quibus

43 2234 46 2237 ·
66 2228 97 2256 r>
114 2211 340 2276 coeperint
361 2211 560 2270 majores
586 2212 760 2272 nostri,
788 2217 832 2258 &
855 2210 948 2278 quo
973 2209 1319 2277 procefferimus
1338 2248 1353 2271 ,

49 2294 97 2323 -n
113 2293 274 2324 vereor
293 2294 351 2323 ne
373 2277 518 2324 nimio
543 2275 812 2326 insolentior
836 2276 923 2326 effe
943 2278 1097 2326 videar
1116 2316 1128 2338 ‚
1156 2283 1202 2324 δε
1225 2295 1352 2344 quae-

66 2360 97 2389 v)
114 2341 211 2393 fisse
253 2344 553 2405 jactationem
595 2345 754 2409 gloriae
795 2345 965 2409 prolati
1007 2346 1192 2410 imperii
1234 2343 1353 2392 ultra.

52 2409 98 2458 ἶ»
111 2406 375 2458 Oceanum.
407 2409 500 2457 Sed
529 2409 640 2458 illoc
668 2408 823 2476 potius
856 2427 1116 2460 revertar».

36 2529 41 2542 v,
133 2475 427 2525 «Civitatem
449 2509 1272 2526 ...........
1336 2504 1351 2522 .

37 2552 98 2604 ᾖ.»
166 2574 180 2588 .
248 2576 262 2590 .
329 2577 341 2590 .
408 2540 516 2590 sane
585 2576 598 2589 .
664 2576 678 2590 .
750 2577 763 2592 .
830 2562 957 2594 novo
997 2579 1009 2591 .
1079 2577 1091 2590 .
1158 2576 1171 2588 .
1204 2539 1351 2588 divus.

37 2606 98 2670 κζ»
116 2606 230 2677 Aug
264 2642 277 2656 .
312 2643 325 2656 .
359 2642 374 2656 .
412 2625 478 2658 no
513 2642 528 2657 .
564 2642 578 2657 .
611 2642 626 2658 .
659 2609 730 2660 lus
761 2617 808 2662 &
833 2627 1019 2681 patruus
1039 2608 1151 2657 Tib.
1171 2605 1350 2670 Caesar,

1024 2676 1066 2727 R
1099 2676 1143 2725 iv
