1659 2917
299 219 407 275 172
481 200 555 258 C.
599 200 1039 269 CORNELH
1085 202 1382 260 TAcrrr

77 323 268 349 ======
292 297 465 384 poscit
493 297 774 359 summam
797 297 1029 359 sceleris.
1087 298 1183 358 Ad
1208 322 1332 360 eam
1357 325 1559 364 vocem

73 376 123 418 Α
147 379 197 416 U·
216 378 269 418 C·
291 384 444 443 Nero
464 431 481 456 ,
513 411 547 436 οε
563 382 663 442 illo
686 382 785 441 fibi
808 383 900 442 die
925 382 1044 441 dari
1066 384 1368 466 imperium
1383 433 1400 459 ,
1431 410 1559 447 auc-

105 448 144 561 3⁸
154 456 171 486 ¹
175 459 227 562 ἑ
288 487 629 548 „roremque
655 467 796 526 tanti
818 467 1062 525 muneris
1089 465 1356 527 libertum
1373 498 1406 522 υ
1433 493 1558 552 pro-

135 548 144 560 ”
194 549 226 636 .-
287 551 492 611 fitetur.
514 553 675 610 ocIret
690 552 948 632 propere,
973 549 1311 631 duceretque
1332 574 1558 636 promp-

281 634 557 694 :otiffimos
594 634 664 692 ad
693 632 826 714 jussa
844 662 900 692 ιο.
948 631 1067 714 Ipse
1089 679 1105 704 ‚
1142 634 1334 693 audito
1353 683 1370 708 ,
1408 660 1555 696 etve-

275 717 459 778 :nniffe
495 715 657 776 missu
698 716 1010 798 Agrippinae
1050 717 1312 776 nuntium
1347 718 1552 800 Ageri-

272 825 461 860 mnum
482 831 543 873 υ,
592 798 815 861 scenam
863 798 1010 858 ultro
1060 801 1308 860 criminis
1356 823 1512 884 parat
1537 828 1551 862 z

272 884 643 967 gladiumque
666 931 682 956 ‚
714 882 854 941 dum
880 881 1145 941 mandata
1165 882 1374 964 perfert
1395 932 1412 957 ‚
1453 886 1552 945 ab,

270 970 391 1051 jicit
423 969 570 1032 inter
595 966 765 1049 pedes
802 972 953 1045 ejus:
994 986 1116 1024 tum
1158 967 1306 1047 quasi
1344 967 1547 1049 depre-

269 1050 446 1110 henso
463 1099 479 1122 ,
507 1077 540 1102 cc
559 1048 739 1110 vincla
762 1049 960 1129 injici»
988 1048 1174 1128 jubet,
1197 1071 1289 1121 ur,
1316 1051 1548 1112 exitium

268 1134 540 1216 Principis
585 1132 845 1197 molitam
891 1151 1133 1190 matrem
1162 1179 1179 1203 ,
1234 1141 1292 1193 ὃς
1333 1135 1548 1215 pudore

267 1217 358 1276 de'
384 1216 598 1277 rehenfi
625 1215 840 1275 sceleris
863 1213 1058 1298 sponte
1082 1235 1330 1276 mortem
1351 1215 1543 1302 sump-

265 1243 386 1361 fissie
406 1349 422 1373 ‚
461 1300 824 1382 confingeret.

360 1386 518 1446 an.
581 1386 662 1444 IN
679 1406 712 1440 T
738 1406 764 1440 E
785 1404 859 1440 ιιι
877 1402 925 1441 Μ
966 1378 1194 1462 vulgato
1223 1381 1545 1466 Agrippinae

264 1466 547 1550 periculo,
578 1463 728 1548 quafi
752 1463 875 1524 casu
898 1462 1161 1523 eveniffet
1178 1512 1195 1537 ,
1227 1487 1288 1524 ut
1310 1465 1543 1548 quisque

263 1571 580 1633 acceperat,
612 1549 902 1608 decurrere
928 1546 1000 1604 ad
1021 1546 1165 1606 litus·
1191 1549 1268 1607 Hi
1297 1549 1540 1609 molium

264 1634 516 1714 objestus
537 1681 553 1705 ‚
592 1633 650 1691 hi
682 1632 958 1714 proximas
983 1628 1204 1712 scaphas
1232 1631 1494 1693 scandere
1527 1659 1541 1693 ε

261 1717 397 1790 alii,
436 1715 712 1799 quantum
742 1736 936 1796 corpus
971 1711 1183 1772 sinebat
1204 1761 1223 1786 ,
1255 1715 1456 1775 vadere
1480 1717 1541 1776 in

259 1823 418 1860 mare
442 1825 459 1878 3
490 1800 725 1881 quidam
754 1819 948 1856 manus
971 1797 1323 1878 protendere.
1352 1798 1537 1874 Ques÷

259 1885 408 1944 tibus
429 1931 445 1956 ‚
466 1884 608 1943 votis
623 1931 639 1955 ‚
663 1881 907 1940 clamore
924 1878 1136 1938 diversa
1151 1881 1537 1962 rogitantium,
1610 1880 1613 1883 ’

255 1988 353 2027 aut
398 1968 610 2025 incerta
654 1962 1111 2046 respondentium
1141 2009 1158 2034 ,
1203 1964 1388 2023 omnis
1436 1988 1535 2026 ora

257 2048 533 2131 compleri
555 2073 568 2106 ι
592 2047 833 2107 adfluere
850 2047 1046 2126 ingens
1071 2044 1377 2105 multitudo
1402 2071 1534 2108 cum

259 2132 569 2192 luminibus
599 2179 616 2204 ,
677 2151 844 2210 atque
892 2128 989 2186 ubi
1031 2128 1379 2189 incolumem
1425 2129 1534 2193 effe

258 2215 547 2300 pernotuit
568 2262 583 2286 ‚
623 2234 682 2272 ut
715 2213 785 2271 ad
815 2211 1149 2294 gratandum
1173 2260 1189 2284 ‚
1225 2210 1337 2272 sese
1364 2235 1539 2297 expe-·

257 2300 379 2359 dite
409 2346 426 2370 ,
472 2298 653 2357 donec
678 2295 895 2378 aspetstu
919 2295 1117 2354 armati
1140 2303 1196 2355 &
1219 2295 1532 2358 minitantis

255 2382 498 2465 agminis
543 2381 757 2460 disjeffi
803 2378 943 2439 sunt.
1016 2378 1285 2437 Anicetus
1331 2378 1528 2439 villam

253 2466 484 2527 statione
529 2463 837 2527 circumdat
863 2509 879 2534 ‚
935 2459 1277 2541 refracstaque
1318 2463 1482 2541 janua
1506 2511 1526 2535 ‚

252 2550 449 2617 obvios
479 2546 763 2607 servorum
794 2545 984 2626 arripit
1007 2591 1024 2616 ,
1065 2544 1245 2603 donec
1276 2543 1347 2601 ad
1374 2541 1523 2605 fores
1591 2599 1593 2601 ,

255 2630 501 2713 cubiculi
550 2630 765 2696 veniret
790 2656 816 2710 :-
860 2628 949 2689 cui
990 2628 1150 2710 pauci
1200 2625 1483 2693 adstabant
1502 2669 1524 2712 ³.

124 594 158 645 ,5
