1725 2983
382 96 1234 157 ANNALrtJML113.'X11.
1363 117 1429 176 55

159 192 371 276 nesque
403 192 591 253 incesti
621 191 682 251 id
709 196 976 273 temporis
1003 196 1643 274 exquirerentur.====

163 278 243 337 At
265 277 573 358 Agrippina
590 323 608 349 ‚
643 298 713 335 ne
744 276 903 334 malis
931 276 1149 334 tantum
1172 276 1436 338 facinori-
1454 284 1504 325 A.
1522 288 1572 326 U·
1595 287 1646 326 C·

162 360 263 418 bus
286 360 594 419 notesceret
610 405 628 430 ,
658 360 882 419 veniam
906 357 1076 418 exsilii
1100 382 1198 442 pro
1220 362 1435 421 Annaeo
1499 354 1608 397 802.

160 443 400 515 Seneca,
425 442 586 502 fimul
606 463 899 525 praeturam
917 443 1211 525 impetrat,
1242 445 1433 505 laetum
1490 433 1531 472 J'
1563 431 1615 470 C.

158 525 218 583 in
255 527 544 607 publicum
577 546 692 584 rata
717 573 733 597 ‚
777 526 851 584 ob
893 525 1285 585 claritudinem
1326 532 1434 588 stu-
1515 511 1597 552 49⁰

159 609 387 668 diorum
416 618 568 692 ejus;
615 629 787 689 utque
810 609 1059 667 Domitii
1086 612 1320 690 pueritia
1342 613 1439 671 tali
1481 626 1489 640 ¹

159 693 420 773 magistro
443 689 781 751 adolesceret
801 740 817 764 ,
848 701 906 752 &
930 690 1167 750 consiliis
1184 692 1436 774 ejusdem

155 775 230 834 ad
277 771 431 857 spem
477 775 880 834 dominationis
930 796 1219 835 uterentur
1243 801 1254 833 :
1305 780 1436 858 quia

155 861 366 918 Seneca
406 858 550 918 fidus
594 860 653 916 in
698 858 1112 940 Agrippinam,
1157 861 1435 919 memoria

156 941 418 1002 beneficii
450 989 466 1014 ,
513 951 571 1002 δε
615 940 862 1001 infensus
898 941 1144 1002 Claudio
1170 991 1187 1016 ‚
1235 943 1432 1005 dolore

153 1026 365 1108 injuriat
390 1073 405 1096 ‚
452 1025 800 1085 credebatur.

236 1111 336 1168 IX.
374 1113 688 1167 PLAcn-UM
721 1107 926 1167 dehinc
953 1131 1069 1167 non
1099 1107 1242 1168 ultra
1265 1132 1431 1169 cunc-

151 1192 258 1249 tari
287 1216 299 1249 t
344 1191 440 1250 sed
470 1189 822 1272 designatum
861 1190 1149 1251 consulem
1174 1239 1190 1263 ,
1229 1194 1429 1252 Mem-

150 1275 333 1333 mium
374 1274 692 1333 Pollionem
722 1320 738 1345 ‚
788 1275 1108 1356 ingentibus
1158 1276 1430 1357 promiffis

148 1355 366 1415 inducit
384 1403 401 1428 ,
431 1354 769 1417 sententiam
793 1379 1120 1440 expromere
1137 1405 1153 1429 ,
1179 1359 1288 1438 qua
1308 1382 1428 1418 ora-

145 1459 299 1499 retur
329 1439 600 1500 Claudius
632 1487 649 1513 ‚
685 1468 718 1492 cc
734 1438 1079 1522 despondere
1121 1442 1426 1502 Ostaviam

146 1523 548 1582 :aoDomitioaot
588 1523 744 1606 quod
786 1525 931 1583 aetati
974 1522 1257 1606 utriusque
1307 1549 1426 1586 non

144 1604 448 1666 absurdum
476 1653 493 1678 ‚
528 1615 588 1666 δε
618 1615 830 1689 majora
855 1606 1264 1690 patefacturum
1291 1630 1425 1670 erat.

143 1688 327 1748 Pollio
361 1689 512 1748 haud
544 1689 851 1772 disparibus
885 1691 1066 1749 verbis
1091 1738 1107 1762 ‚
1154 1715 1215 1748 ac
1245 1713 1425 1772 nuper

145 1770 411 1832 Vitellius
430 1818 445 1841 ‚
482 1771 702 1832 censet:
733 1771 1222 1854 despondeturque
1244 1776 1425 1834 Oeta-

142 1853 270 1912 via:
319 1878 380 1913 ac
421 1853 582 1937 super
625 1855 872 1938 priorem
914 1856 1376 1925 neceffitudinem
1400 1903 1420 1930 ,

139 1933 364 2019 sponsus
403 1944 521 2019 jam
564 1945 622 1997 &
666 1961 841 2021 gener
879 1939 1172 1998 Domitius
1216 1943 1420 2022 aequari

139 2020 464 2080 Britannico
482 2068 500 2093 ,
524 2021 711 2080 studiis
729 2023 919 2081 matris
939 2069 956 2094 ,
980 2031 1039 2083 &
1052 2043 1167 2082 arte
1185 2046 1382 2083 eorum
1397 2071 1416 2097 ,

139 2102 264 2184 quis
302 2104 377 2163 ob
416 2102 725 2164 accusatam
759 2103 1121 2166 Messalinam
1163 2106 1304 2167 ultio
1350 2129 1418 2170 ex

139 2187 257 2247 filio
302 2188 623 2247 timebatur.

219 2271 294 2330 X.
323 2272 613 2332 PfiRidem
639 2292 858 2354 tempus
882 2272 1054 2356 legati
1074 2273 1413 2335 Parthorum

139 2351 212 2412 ad
240 2355 613 2435 expetendum
632 2401 649 2427 ‚
685 2374 748 2415 ut
779 2356 943 2416 retuli
969 2405 987 2429 ‚
1029 2358 1413 2419 Meherdaten

140 2436 280 2495 miffi
293 2484 309 2508 ‚
329 2436 580 2498 senatum
598 2439 1007 2521 ingrediuntur,
1034 2441 1413 2523 mandataque

135 2518 198 2580 in
250 2519 395 2582 hunc
448 2521 690 2584 modum
737 2522 1013 2609 incipiunt
1042 2550 1054 2585 ε
1110 2553 1143 2576 cc
1167 2526 1300 2583 Non
1348 2523 1412 2585 se

1100 2607 1247 2666 Civ
