1725 2983
331 147 806 189 ANNALIUM
855 130 1024 188 L113.
1071 127 1202 190 XII.
1332 150 1404 203 99

140 226 294 289 ⁴:nesse
320 275 336 299 ,
383 227 421 285 si
461 229 613 286 Nero
655 227 1017 309 imperitaret.
1086 228 1408 286 Britannico
1433 253 1625 288 ==.—.-.==.

143 308 482 370 „successore
506 358 522 381 ,
565 309 785 369 nullum
822 311 1062 391 Principi
1101 313 1367 369 meritum
1396 335 1408 367 ε
1434 307 1481 346 A.
1503 313 1547 349 U·
1574 314 1626 356 C·

141 417 246 453 :nac
268 417 514 454 novercae
534 392 741 451 insidiis
761 392 1001 451 domum
1023 416 1258 451 omnem
1283 417 1412 451 con-
1479 380 1590 430 30⁷·

142 476 322 536 avelli
341 524 356 549 ‚
389 485 599 559 majore
624 477 836 558 flagitio
858 524 873 548 ‚
904 476 1076 556 quam
1100 475 1139 532 fi
1163 476 1413 558 impudi-
1465 457 1501 496 J‘
1548 452 1602 496 ς’

140 561 380 619 »citiam
396 560 590 643 prioris
610 560 858 641 conjugis
876 556 1201 618 reticuisset:
1221 582 1417 639 quam-
1504 535 1583 580 54·

144 667 361 725 :uquam
406 667 476 703 ne
526 643 941 725 impudicitiam
990 641 1225 722 quidem
1267 665 1419 701 nunc

144 724 370 786 aabeffe
389 776 405 799 ‚
439 725 687 785 Pallante
718 726 973 785 adultero
1000 750 1011 781 ε
1050 748 1119 784 ne
1147 725 1269 805 quis
1298 749 1420 782 am-

145 810 375 892 abigat,
407 810 604 882 (leem,
630 809 938 890 pudorem,
964 831 1158 890 corpus
1182 856 1198 879 ‚
1224 813 1424 866 cuncta

149 916 367 975 ”regno
392 893 586 952 viliora
611 892 814 951 habere
831 909 908 952 »ί
941 895 1070 951 Haec
1098 912 1263 972 atque
1293 891 1425 949 talia

149 977 407 1036 dietit‘ans
422 1025 438 1049 ‚
468 974 731 1058 ampleffi
750 976 1134 1034 Britannicum
1158 1022 1174 1045 ‚
1203 1002 1235 1027 ec
1254 974 1423 1032 robur

148 1060 361 1120 aoaetatis
381 1060 552 1140 quam
574 1060 967 1118 maturrimum
984 1087 1016 1110 υ
1038 1057 1277 1138 precari:
1301 1081 1425 1115 mo·-

152 1143 228 1202 do
277 1143 349 1201 ad
388 1144 522 1201 deos
563 1190 580 1214 ‚
638 1142 812 1200 modo
859 1143 930 1200 ad
971 1140 1149 1223 ipsum
1189 1140 1425 1200 tendere

111 1298 121 1301 -
154 1249 348 1285 manus
373 1273 388 1297 ,
438 1253 469 1277 ct
492 1224 830 1284 adolesceret
864 1273 881 1297 ‚
946 1224 1111 1306 patris
1163 1223 1426 1281 inimicos

151 1308 502 1390 „depelleret
532 1333 543 1365 :
593 1310 783 1368 matris
827 1309 997 1367 etiam
1040 1305 1424 1366 interfectores

151 1390 546 1451 »ulcisceretur
569 1421 625 1450 υ.

244 1476 453 1535 LXVI.
511 1478 591 1533 IN
645 1494 850 1533 TANTA
912 1473 1063 1533 mole
1119 1495 1376 1532 curarum
1405 1489 1430 1546 ,*'

154 1557 427 1617 Claudius
469 1557 790 1617 valetudine
826 1556 1050 1616 adversa
1096 1558 1427 1637 corripitur,

156 1639 584 1721 refovendisque
624 1640 831 1699 viribus
874 1640 1114 1698 mollitie
1158 1641 1272 1697 caeli
1300 1688 1315 1710 ‚
1368 1648 1428 1698 &

158 1723 473 1781 salubritate
518 1745 784 1802 aquarum
816 1770 831 1794 ,
879 1721 1183 1780 Sinuessam
1227 1723 1429 1804 pergit.

159 1807 315 1864 Tum
342 1806 652 1886 Agrippina
674 1853 690 1876 ‚
729 1803 943 1863 sceleris
969 1805 1110 1862 olim
1140 1826 1288 1863 certa
1309 1853 1325 1876 ‚
1371 1813 1430 1864 &

160 1888 356 1947 oblatae
384 1887 680 1946 occasionis
705 1909 937 1969 propera
959 1934 976 1958 ,
1021 1911 1122 1946 nec
1150 1889 1430 1946 ministro-

161 1994 285 2030 rum
305 1994 472 2053 egens
491 2018 506 2042 ‚
530 1970 600 2029 de
625 1993 828 2053 genere
849 1971 1052 2030 veneni
1070 1969 1398 2029 consultavit
1413 1995 1429 2028 ε

167 2083 201 2107 α
220 2077 290 2113 ne
312 2054 606 2137 repentino
628 2063 687 2114 ‹Sc
707 2054 970 2136 praecipiti
995 2052 1205 2112 facinus
1229 2054 1430 2136 prode-

158 2158 386 2213 :oretur3
428 2136 467 2195 si
497 2136 714 2195 lentum
739 2146 795 2197 ὃ(
820 2137 1077 2196 tabidum
1106 2136 1431 2219 delegisset,

160 2244 276 2280 :one
308 2220 565 2280 admotus
588 2219 854 2303 supremis
878 2220 1150 2280 Claudius
1172 2269 1187 2293 ,
1213 2229 1269 2280 ὃς
1294 2220 1431 2279 dolo

159 2302 492 2363 „intellecto
518 2352 534 2376 ‚
588 2304 659 2363 ad
702 2327 956 2364 amorem
997 2303 1099 2362 filii
1143 2303 1432 2364 rediret».

89 2421 92 2425 ·
172 2415 206 2438 oc
222 2386 560 2468 Exquifitum
606 2386 817 2469 aliquid
836 2418 868 2442 ω
896 2387 1149 2471 placebat
1169 2436 1185 2460 ‚
1225 2414 1256 2438 cc
1277 2386 1434 2468 quod

163 2499 197 2525 ‚o
210 2471 453 2532 turbaret
471 2492 746 2547 mentem,
765 2480 823 2532 δε
840 2493 1086 2532 mortem
1109 2468 1358 2529 differret
1372 2497 1405 2525 ν
1418 2512 1432 2528 .

1147 2553 1271 2633 Eij
