1637 2917
250 196 331 233 ET
376 173 680 233 NERONE
723 175 1225 233 PR1Nc1P113US.
1314 196 1423 253 543

147 273 392 341 procedere
424 270 681 336 nascentem
703 311 720 334 ‚
757 284 917 320 contra
948 285 1166 321 naturam
1196 269 1271 336 est.
1307 306 1323 322 .
1362 310 1374 323 .
1412 300 1427 315 ·

151 341 387 392 Neronem
413 377 428 401 ‚
461 337 598 400 paulo
623 341 733 386 anre
759 335 1053 401 Principem,
1093 337 1143 387 &⁵
1176 353 1267 387 toto
1292 339 1431 399 prin-

152 408 309 469 cipatu
314 407 401 471 suo
431 404 590 470 hostem
610 404 798 471 generis
826 403 1014 452 humani
1034 440 1050 465 ‚
1080 402 1272 467 pedibus
1292 405 1431 470 geni-

149 489 249 524 tum
268 487 442 534 parens
465 470 739 535 ejusfiribir
763 468 1024 552 Agrippina
1043 508 1057 530 ‚
1088 470 1209 519 Plin.
1228 469 1321 521 VII
1341 509 1354 531 ‚
1382 474 1429 520 8.

213 540 359 587 Initiis
387 555 540 585 tamen
570 538 852 603 principatus
873 537 1098 584 emicuere
1121 535 1309 604 quidam
1333 539 1430 585 vir-

153 621 300 654 tutum
320 605 512 672 igniculi
533 641 545 663 ‚
567 602 730 671 quibus
753 602 960 652 adulatur
982 603 1163 652 Seneca
1178 641 1191 664 ‚
1214 602 1430 652 Natural.

153 669 327 734 Quaest.
364 669 468 731 VI,
505 674 549 718 8.
597 663 901 718 Cenr'uriones
947 668 1058 717 duos
1088 708 1102 732 ,
1149 685 1259 734 quos
1298 670 1430 719 Nero

155 736 347 802 Caesar,
386 750 435 784 ur
477 734 678 784 aliarum
716 736 935 785 virtutum
958 774 973 797 ,
1011 734 1079 783 ira
1123 735 1340 785 veritaris
1378 736 1430 784 in

149 806 314 866 primis
353 799 680 868 amanzzffimus
712 839 729 864 ,
779 799 841 850 ad
883 799 1248 868 investigandum
1292 816 1432 862 caput

154 867 264 920 Nili
300 866 482 932 miserat
510 906 528 930 ,
576 865 736 916 audivi
786 882 1075 929 narrantes,
1110 865 1292 934 longum
1326 867 1430 917 illos

76 970 83 977 „
154 938 245 985 iter
287 934 503 1001 peregiffe
537 971 552 995 ,
603 935 703 982 cum
734 950 763 982 a
798 951 905 1000 rege
945 932 1193 995 AEtkiopiae
1230 932 1432 999 instruflz'

152 999 330 1050 auxilio
352 1039 368 1064 ,
407 997 792 1065 commendarique
820 1000 1045 1062 proximis
1073 999 1258 1065 regibus
1280 1017 1430 1062 pene-

153 1067 361 1134 traffent.
402 1065 481 1115 Ad
509 1064 727 1115 ulteriora
759 1066 935 1132 quidem
961 1106 977 1129 ‚
1014 1066 1201 1115 aiebant
1220 1105 1239 1130 ,
1263 1083 1433 1129 perve-

153 1134 344 1196 nimus,
389 1132 449 1180 ad
488 1131 728 1198 immensas
760 1131 988 1196 paludes,
1025 1149 1214 1198 quarum
1257 1133 1430 1182 exitum

152 1216 239 1249 nec
263 1197 425 1248 incolae
445 1214 671 1248 noverant
686 1238 703 1262 ‚
723 1215 808 1248 nec
809 1200 1002 1265 sperare
1016 1200 1242 1264 quistquam
1254 1198 1395 1266 potest
1411 1238 1430 1260 ,

151 1265 225 1315 ira
242 1264 479 1327 implicirae
499 1266 631 1330 aquis
650 1264 919 1332 herbaesttnt
932 1303 946 1326 ‚
970 1264 1020 1315 Cr
1038 1283 1166 1330 aquae
1185 1282 1268 1313 nec
1282 1265 1430 1327 pediti

152 1331 413 1381 eluc‘iabzles
434 1371 450 1393 ,
486 1348 570 1380 nec
602 1332 791 1400 navigio
812 1372 827 1394 ‚
864 1330 977 1397 quod
999 1371 1015 1394 ‚
1049 1331 1136 1398 nzfi
1154 1348 1350 1393 parvum
1376 1330 1429 1381 Cr

144 1398 292 1447 »unius
321 1414 504 1459 capax,
546 1397 699 1462 limosa
737 1397 788 1447 ξ)
822 1397 961 1464 obsita
995 1397 1134 1459 palus
1167 1414 1260 1445 non
1280 1395 1430 1460 ferar.

148 1463 225 1514 Ibi
250 1503 266 1526 ‚
309 1464 456 1527 inquit
480 1501 496 1524 ,
543 1463 742 1513 vidimus
782 1462 901 1512 duas
936 1479 1095 1524 petras
1117 1498 1133 1521 ‚
1173 1480 1232 1512 ex
1269 1463 1432 1528 quibus

136 1531 200 1582 'in
238 1546 320 1577 ens
332 1530 406 1578 vis
408 1528 626 1597 fluminis
644 1526 900 1577 excidebat.
919 1527 1098 1579 Verum
1113 1533 1432 1592 centuriones,

152 1614 183 1646 a
253 1613 396 1644 erone
417 1592 531 1642 miffi
550 1633 563 1655 ,
599 1611 648 1643 ut
666 1600 711 1641 δε
728 1596 882 1658 priore
901 1592 1062 1643 saeculo
1086 1594 1291 1644 Lufitani
1317 1595 1435 1644 Mis-

153 1662 338 1712 fionarii
379 1662 618 1710 Societatis
653 1660 790 1722 Jesu,
819 1661 982 1727 Astapi
1010 1700 1024 1722 ‚
1064 1678 1189 1709 nunc
1225 1660 1429 1723 Abawi,

151 1729 303 1778 fontes
322 1746 410 1793 pro
430 1726 531 1775 Nili
549 1726 749 1776 fontibus
768 1745 1016 1795 perperam
1035 1727 1274 1794 a'ccepere.
1302 1728 1434 1780 Vere

153 1793 373 1846 Lucanus
393 1792 445 1842 X
461 1832 475 1854 ,
501 1798 613 1842 268.

265 1887 364 1939 Quae
395 1885 470 1927 ribi
500 1886 680 1940 noscendi
710 1885 882 1934 Nilum,
915 1884 1087 1926 Romane
1105 1913 1118 1932 ,
1149 1886 1286 1941 cupido
1305 1916 1318 1933 ,
1479 1926 1483 1931 ,

264 1959 321 2000 Et
339 1959 524 2005 Phariis,
554 1956 748 2014 Perfisque
770 1950 854 2011 fisi}
872 1988 883 2005 ,
913 1957 1196 2014 Macedzzmque
1222 1958 1436 2017 tyrannisg

266 2027 468 2088 Nullaque
500 2045 577 2072 non
609 2043 704 2072 aetas
735 2033 861 2072 voluit
890 2032 1070 2085 conferre
1095 2033 1246 2086 futuris

267 2105 466 2146 Notitiam
489 2134 500 2151 ,
522 2104 596 2157 fied
625 2104 750 2146 vincit
775 2105 899 2147 adhuc
928 2119 1069 2148 natura
1097 2106 1262 2148 latendi.

158 2188 285 2240 Vide
306 2195 350 2237 &
372 2189 449 2238 Cl.
471 2187 722 2251 d'Anville,
744 2187 1052 2256 Differtarion
1067 2191 1152 2256 sur
1173 2189 1438 2255 les-sources

155 2256 232 2304 du·
250 2254 341 2306 Nil
364 2272 386 2314 ;
438 2253 688 2304 Me‘moires
723 2254 778 2304 de
819 2254 1103 2306 l’Acade'mie
1143 2256 1316 2325 Royale
1354 2256 1437 2307 des

156 2321 460 2386 Inscriptiom
483 2361 499 2383 ‚
532 2321 677 2370 Tom.
699 2319 889 2374 XXVI.
918 2329 1137 2390 pag-'46-

222 2388 506 2438 Salubritatis
533 2390 760 2437 incertum
781 2427 794 2449 ‚
827 2407 886 2438 an
910 2391 1156 2455 voluptatis
1178 2428 1194 2451 ,
1227 2405 1335 2438 tunc
1358 2390 1439 2437 in-

157 2472 348 2504 ventum
375 2473 401 2504 a
438 2472 545 2503 uam
566 2455 826 2522 decoquere
845 2494 856 2516 ‚
891 2462 937 2504 &
954 2457 1132 2505 nivibus
1154 2455 1439 2522 refrigerare.

156 2518 280 2569 Plin.
299 2520 401 2570 XX
455 2522 505 2582 Ι,
533 2539 575 2585 3.
600 2521 808 2572 Neronis
826 2521 1062 2585 Principis
1089 2524 1322 2572 inventum
1343 2520 1402 2588 est
1417 2559 1436 2584 ,

160 2584 400 2653 decoquere
432 2604 597 2652 aquam
614 2627 631 2651 ‚
662 2588 866 2653 vitroque
891 2587 1115 2656 demzffam
1136 2589 1182 2637 in
1209 2588 1342 2637 nives
1362 2605 1440 2636 re·

144 2651 400 2722 frigerare.
420 2652 496 2704 Ita
515 2653 723 2718 voluptas
728 2652 930 2723 frigoris
950 2655 1178 2724 contingit
1181 2653 1288 2721 stne
1305 2653 1443 2705 vitiis
