1725 2983
308 170 773 209 ANNAL1UM
817 153 972 211 Lm.
1021 152 1184 212 XIII.
1290 176 1392 232 113

126 250 319 311 multro
338 251 609 308 intrarent
626 296 641 319 ‚
662 247 821 306 simul
842 271 1038 331 pontes
1056 273 1151 333 per
1172 273 1402 310 amnem

129 335 492 417 „Euphraten
536 332 710 414 jungi.
775 334 839 390 Et
879 335 1163 394 minorem
1193 335 1402 394 Arme-
1423 340 1541 381 A.U.
1565 342 1619 385 (ἶν’

123 420 327 476 aoniam
365 415 685 477 Aristobulo
710 462 726 486 ,
774 416 1067 497 regionem
1103 420 1400 501 Sophenen
1472 416 1581 467 807·

125 502 418 561 aoSohemo
441 523 571 558 cum
590 498 892 581 insignibus
916 501 1078 582 regiis
1097 532 1128 554 ο)
1153 502 1400 561 mandat.
1458 499 1498 538 ³·
1529 494 1580 534 C·

127 583 466 665 Exortusque
488 584 545 641 in
562 604 817 664 ternpore
838 584 1066 641 remulus
1080 585 1364 668 Vologeso
1385 634 1402 658 ‚
1492 577 1570 624 54‘

128 670 272 727 filius
316 667 622 729 Vardanes,
682 668 752 725 Et
791 665 1085 726 abscessere
1129 668 1404 729 Armenia

129 752 317 813 Parthi
341 799 356 823 ‚
394 771 686 831 tamquam
715 748 1006 809 differrent
1032 749 1265 809 bellum.

210 837 364 896 VIII.
400 836 506 892 SED
534 834 680 914 apud
702 832 955 892 senatum
980 835 1174 892 omnia
1197 835 1256 892 in
1284 858 1404 892 ma-

127 925 210 999 jus
235 917 514 978 celebrata
536 916 660 976 sunt
685 965 700 989 ‚
738 915 1024 977 sententiis
1052 941 1248 976 eorum
1271 966 1286 989 ,
1307 918 1406 998 qui

136 1029 169 1053 α
183 1000 628 1084 supplicatione3‚
647 1010 704 1060 &
723 1000 919 1060 diebus
937 999 1405 1084 supplicationum

126 1087 378 1145 mvestem
430 1085 671 1166 Principi
720 1085 1120 1175 triumphalem
1158 1133 1174 1157 ‚
1231 1106 1414 1165 utque⁴

127 1191 342 1228 :novans
357 1167 580 1227 Urbem
600 1168 796 1240 iniret,
821 1167 1140 1249 effigiesque
1157 1175 1270 1248 ejus
1288 1168 1413 1248 pari

128 1251 567 1335 „magnitudine
601 1274 661 1309 ac
687 1251 890 1310 Martis
915 1248 1132 1311 Ultoris
1152 1299 1168 1324 ,
1199 1250 1412 1310 eodem·

129 1337 233 1394 :oin
280 1334 569 1416 templo»,
608 1332 866 1393 censuere
901 1359 913 1392 ε
959 1357 1152 1418 praeter
1193 1332 1407 1394 suetam

130 1419 515 1479 adulationem
543 1417 650 1477 laeti
673 1466 690 1490 ,
724 1418 879 1499 quod
907 1419 1238 1477 Domitium
1264 1420 1408 1477 Cor-

129 1502 404 1564 bulonem
445 1502 748 1561 retinenda:
788 1502 1064 1561 Armeniae
1102 1500 1408 1585 praeposue-

84 1599 86 1601 ’
130 1608 252 1646 rat:
298 1585 706 1667 videbaturque
742 1584 895 1644 locus
928 1586 1222 1645 virtutibus
1250 1596 1411 1666 pate⁴

132 1669 325 1730 faCtus,
385 1671 579 1751 Copiae
619 1669 875 1728 Orientis
918 1671 996 1727 ita
1041 1668 1369 1727 dividuntur
1390 1714 1409 1740 ‚

132 1775 195 1814 ut
217 1776 337 1837 pars
353 1752 702 1810 auxiliarium
719 1775 847 1810 cum
866 1752 1077 1810 duabus
1094 1751 1410 1834 legionibus

133 1837 282 1920 apud
304 1836 658 1919 provinciam
674 1837 914 1912 Syriam,
945 1845 1001 1895 δε
1024 1835 1275 1917 legatum
1295 1842 1411 1916 ejus

135 1919 493 1997 Quadratum
512 1917 883 1977 Ummidium
901 1966 917 1990 ‚
934 1939 1250 1978 remaneret
1269 1942 1285 1995 3
1314 1940 1411 2001 par

133 2005 344 2063 civium
370 2001 761 2083 sociorumque
791 2025 1055 2062 numerus
1085 2002 1409 2062 Corbuloni

134 2087 268 2149 effer
296 2136 312 2160 ‚
364 2086 570 2145 additis
618 2086 941 2145 cohortibus
988 2084 1195 2168 alisque
1223 2134 1239 2158 ‚
1289 2109 1410 2168 quae

135 2172 282 2255 apud
308 2170 732 2253 Cappadociam
757 2170 1099 2230 hiemabant.
1148 2170 1294 2229 Socii
1322 2192 1411 2229 re-

136 2279 230 2337 ges
252 2305 268 2328 ‚
291 2275 460 2337 >prout
482 2252 634 2313 bello
658 2254 997 2315 conduceret
1019 2303 1034 2327 ‚
1064 2276 1252 2337 parere
1277 2252 1413 2336 juffi.

136 2340 246 2399 Sed
265 2337 438 2397 studia
463 2361 660 2398 eorum
680 2339 740 2396 in
763 2338 1158 2398 Corbulonem
1179 2359 1412 2419 promp-

139 2425 280 2482 tiora
302 2442 490 2481 erant:
518 2422 615 2503 qui
635 2470 651 2494 ‚
680 2443 741 2481 ut
764 2421 925 2482 famae
947 2422 1234 2482 inserviret
1251 2469 1267 2493 ,
1291 2443 1412 2502 quse

138 2507 197 2566 in
220 2568 222 2570 ,
247 2507 402 2564 novis
445 2506 637 2588 coeptis
682 2505 1011 2565 validiffima
1047 2508 1122 2565 est
1151 2554 1166 2577 ,
1213 2505 1411 2562 itinere

137 2591 368 2673 propere
388 2587 646 2651 confesto
659 2637 676 2663 ,
702 2590 849 2675 apud
868 2593 1074 2674 AEgaeas
1089 2637 1107 2662 ,
1125 2589 1416 2648 civitatem
