1725 2983
407 132 849 177 ‘ANNALIUM
895 115 1054 177 Lm.
1098 116 1204 176 XI.
1367 133 1450 195 23‘

178 241 301 303 quae
324 214 442 277 usui
464 215 823 308 imperitante
848 236 915 273 eo
931 261 949 286 ‚
974 218 1090 296 post
1113 215 1446 289 obliteratae,

1475 232 1666 269 εἰ

181 302 513 385 aspiciuntur
536 320 708 359 etiam
725 320 871 355 nunc
892 298 951 354 in
975 321 1077 358 aere
1099 300 1447 380 publicandis
1472 300 1527 341 A.
1545 302 1595 340 U·
1612 301 1667 348 C.

180 383 481 468 plebiscitis
504 404 602 465 per
627 379 749 440 fo'ra
771 404 831 439 ac
856 381 1068 462 templa
1091 390 1217 441 rixo·

259 468 394 528 XV.
412 469 675 526 Rmum
698 463 906 524 deinde
928 470 1000 522 ad
1018 463 1271 524 senatum
1293 465 1451 549 super

179 550 424 633 collegio
469 546 819 631 haruspicum
853 594 870 620 ,
924 570 994 606 ne
1044 576 1077 600 α
1102 550 1454 609 vetustiffima

177 634 396 693 ”Italiae
425 631 713 714 disciplina
742 654 838 714 per
868 630 1138 691 desidiam
1178 632 1454 692 exolesce-

180 738 340 777 wret:
362 715 496 800 saepe
519 715 753 775 adversis
774 714 1087 796 reipublicae
1107 716 1454 798 temporibus

176 801 426 860 maccitos
449 847 466 872 ‚
507 822 751 881 quorum
788 799 1009 857 monitu
1055 799 1456 882 redintegratas

178 883 569 943 aecaerimonias
593 931 610 955 ‚
651 891 707 942 &
737 882 796 940 in
822 883 1101 965 posterum
1132 882 1330 942 reetius
1359 883 1456 941 ha-

177 966 364 1026 mbitas
389 992 402 1024 ε
432 964 815 1050 primoresque
838 966 1064 1025 Etruriae
1088 964 1283 1049 sponte
1307 1013 1324 1038 ‚
1359 988 1455 1026 aut

178 1077 214 1104 ω
264 1072 445 1110 atrum
463 1052 858 1110 Romanorum
873 1048 1147 1131 impulsu,
1170 1048 1453 1110 retinuisse

177 1074 511 1194 »scientiam
533 1181 550 1204 ‚
600 1141 657 1192 &
701 1132 761 1190 in
809 1130 1048 1192 familias
1093 1132 1409 1216 propagasse
1439 1158 1453 1191 ε

176 1217 380 1298 »quod
410 1239 558 1275 nunc
593 1214 813 1297 segnius
847 1215 968 1275 fieri
993 1263 1010 1288 ‚
1049 1216 1273 1297 publica
1309 1219 1454 1275 circa

177 1300 397 1359 ”bonas
434 1320 574 1358 artes
614 1298 900 1371 socordia,
950 1308 1008 1360 &
1046 1301 1180 1380 quia
1218 1321 1454 1360 externae

175 1381 628 1466 „superstitiones
650 1380 943 1442 valescant.
984 1385 1052 1442 Et
1076 1383 1195 1442 laeta
1217 1384 1454 1465 quidem

173 1467 280 1525 :nin
300 1465 529 1549 praesens
550 1466 777 1543 omnia3
806 1464 903 1526 sed
925 1466 1263 1549 benignitati
1278 1466 1454 1528 desim

174 1551 459 1633 mgratiam
486 1548 843 1610 referendam
865 1598 881 1622 ‚
918 1572 990 1610 ne
1015 1551 1148 1609 ritus
1172 1549 1454 1611 sacrorum

174 1635 367 1693 :winter
395 1634 661 1716 ambigua
684 1632 819 1692 culti
843 1681 860 1705 ‚
905 1657 1002 1716 per
1026 1633 1282 1716 prospera
1304 1635 1452 1693 obli-

176 1737 606 1776 mterarenturn.
654 1719 881 1774 Paetum
909 1740 975 1774 ex
1002 1740 1071 1775 eo
1100 1716 1454 1776 senatuscon-

177 1795 387 1857 sultum
412 1823 425 1856 ι
465 1797 771 1856 oeviderent
799 1798 1089 1878 pontifices
1111 1846 1129 1870 ,
1169 1822 1290 1879 quae
1319 1801 1456 1866 reti--⁴

174 1881 412 1939 vnenda
433 1879 820 1959 firmandaque
849 1878 1270 1962 haruspicum».

259 1964 424 2024 XVI.
461 1964 676 2021 EODEM
705 1985 854 2021 anno
875 1961 1293 2024 Cheruscorum
1317 1987 1454 2048 gens

177 2067 238 2106 re
280 2069 374 2105 em
402 2044 589 2105 Roma
612 2046 810 2128 petivit
831 2093 849 2118 ,
887 2046 1086 2105 arnissis
1115 2052 1212 2130 per
1231 2049 1454 2111 interna

176 2128 251 2190 be
277 2129 329 2189 la
377 2128 663 2188 nobilibus
689 2176 705 2201 ‚
755 2137 815 2188 δε
854 2151 968 2189 uno
1014 2130 1232 2211 reliquo
1274 2133 1453 2215 stirpis

176 2213 341 2296 tegiae
364 2261 381 2286 ,
418 2212 517 2295 qui
542 2212 692 2296 apud
710 2212 932 2272 Urbem
956 2213 1265 2274 habebatur
1282 2262 1300 2287 ,
1341 2238 1451 2275 no-

173 2297 336 2355 mine
376 2300 622 2356 Italicus.
695 2299 995 2357 Paternum
1034 2297 1163 2356 huic
1205 2321 1377 2381 genus
1415 2322 1450 2361 e

177 2377 367 2439 Flavio
392 2428 409 2453 ‚
443 2377 611 2440 fratte
635 2377 884 2439 Arminii
906 2404 924 2458 3
969 2402 1148 2442 mater
1174 2403 1240 2440 ex
1267 2383 1448 2441 Catu-

180 2464 621 2547 meto,principe
633 2466 959 2536 Cattorum,
977 2486 1110 2525 erat.
1128 2463 1247 2547 Ipse
1265 2462 1450 2523 forma

180 2543 413 2607 decorus
435 2596 454 2623 ‚
496 2556 557 2610 &
590 2548 757 2608 armis
803 2547 1067 2631 equisque
1103 2549 1165 2608 in
1204 2549 1446 2631 patrium

1526 376 1636 420 800·

1510 449 1551 489 J.
1580 447 1633 489 C.

1538 528 1620 574 47.
