1659 2917
259 128 721 194 ANNA'L1UM
767 134 932 194 LIB.
976 129 1130 193 XIII.
1241 153 1351 210 127

80 228 179 295 {lbi
202 232 343 292 nihil
367 255 467 315 pro
491 232 842 301 innocentia,
867 232 1016 310 quasi
1036 230 1348 310 diffideret3
1372 249 1560 274 Ξ*

79 339 181 377 nec
211 316 493 376 beneficiis
519 362 535 386 ‚
573 313 722 395 quafi
748 315 1100 395 exprobraret
1125 363 1141 386 ‚
1182 314 1346 375 diffe-
1371 303 1560 399 Αὲξὲῗ·

77 402 186 458 ruit
212 424 229 478 3
263 398 359 458 sed
385 398 664 458 ultionem
686 399 746 456 in
774 396 1046 457 delatores
1073 444 1090 469 ,
1128 407 1182 458 ὃς
1218 422 1348 481 prae-
1407 431 1443 470 J,
1476 430 1527 470 C.

77 484 193 541 mia
215 483 409 541 amicis
434 482 696 541 obtinuit.
1430 505 1506 555 55·

162 567 350 626 XXII.
409 570 830 625 PRAEFECTURA
893 586 1123 644 annonae
1181 564 1350 623 Penio

75 646 229 708 Rufo
250 697 266 721 ‚
292 673 422 710 cura
449 649 712 707 ludorum
735 697 750 720 ,
781 649 880 728 qui
907 673 938 706 a
960 645 1171 704 Caesare
1195 669 1353 728 para-

75 730 277 790 bantur
302 781 318 805 ,
363 733 634 791 Arruntio
684 731 861 791 Stellae
898 755 914 808 3
976 732 1238 812 AEgyptus
1283 733 1353 789 C,

73 813 314 874 Balbillo
364 815 781 898 permittuntur.
851 814 1000 895 Syria
1040 816 1097 871 P.
1141 813 1355 871 Anteio

71 896 376 957 destinata:
418 907 475 959 δε
512 900 676 956 variis
714 921 845 956 mox
881 896 1087 956 artibus
1130 895 1306 954 elusus
1332 943 1354 969 ‚

69 980 143 1037 ad
178 984 519 1063 postremum
551 983 608 1039 in
638 982 797 1040 Urbe
838 1001 1085 1040 retentus
1126 981 1217 1038 est.
1271 979 1352 1037 At

62 1059 252 1122 “Silana
278 1065 339 1123 in
369 1063 620 1123 exsilium
649 1068 782 1123 atita.
826 1061 1096 1122 Calvifius
1124 1085 1352 1144 quoque

64 1153 127 1205 ὃς
148 1148 347 1206 Iturius
374 1145 707 1229 relegantur.
749 1149 841 1206 De
865 1147 1122 1205 Atimeto
1143 1144 1351 1229 suppli·

61 1229 219 1288 cium
247 1228 531 1309 sumptum
554 1278 571 1301 ‚
617 1228 889 1288 validiore
916 1229 1065 1311 apud
1086 1226 1349 1288 libidines

62 1312 330 1396 >Principis
360 1311 557 1372 Paride
580 1359 596 1384 ‚
632 1313 804 1393 quam
829 1334 890 1371 ut
911 1311 1077 1395 poena
1102 1310 1347 1371 afficere-

62 1413 166 1454 tur.
184 1396 407 1456 Plautus
426 1395 497 1454 ad
515 1395 744 1480 praesens
766 1393 984 1456 silentio
1006 1393 1348 1456 transmiffus

56 1478 157 1537 est.

58 1599 69 1606 2
142 1562 364 1620 XXIII.
381 1563 806 1623 DEFERUNTUR
831 1559 1037 1622 dehinc
1061 1589 1096 1615 cc
1115 1560 1347 1624 consen-

57 1641 218 1703 »sisse
268 1642 443 1702 Pallas
467 1692 483 1716 ‚
532 1670 594 1704 ac
639 1649 841 1705 Burrus
868 1695 884 1718 ,
937 1667 998 1705 ut
1040 1645 1342 1706 Cornelius

56 1726 254 1784 »Sulla
289 1726 621 1787 claritudine
659 1731 875 1808 generis
903 1775 922 1799 ,
965 1738 1023 1788 &
1048 1729 1340 1791 adfinitate

56 1808 329 1868 :oClaudii
354 1839 385 1862 20
414 1856 430 1880 ‚
485 1811 574 1869 cui
625 1833 721 1890 per
774 1812 992 1893 nuptias
1035 1811 1297 1872 Antoniae
1318 1861 1337 1887 ,

56 1915 228 1973 gener
265 1912 381 1951 erat
402 1939 418 1963 ‚
465 1893 587 1951 etad
622 1894 927 1977 imperium
972 1917 1335 1955 vocaretur».

54 1977 181 2058 Ejus
201 1974 558 2036 accusationis
585 1981 774 2036 auctor
800 1978 1001 2037 exstitit
1015 1981 1186 2037 Paetus
1207 1980 1335 2061 qui-

53 2059 189 2119 dam
215 2107 231 2132 ,
268 2059 590 2119 exercendis
623 2060 770 2142 apud
799 2062 1050 2121 aerarium
1079 2060 1335 2122 sectioni⁴

53 2142 155 2201 bus
178 2141 418 2202 famosus
435 2191 454 2215 ,
480 2152 538 2204 δε
560 2163 684 2203 turn
709 2145 965 2204 vanitatis
989 2144 1332 2207 manifestus·

53 2226 174 2285 Nec
195 2246 313 2295 tam
329 2248 482 2309 grata
495 2227 760 2287 Pallantis
783 2229 1133 2302 innocentia,
1157 2231 1330 2311 quarn

96 2310 233 2367 ravis
283 2309 535 2393 superbia
576 2310 686 2370 fuit
712 2337 724 2369 :
772 2313 975 2393 quippe
1023 2314 1328 2372 nominatis

53 2331 266 2452 iibertis
287 2400 442 2475 ejus,
478 2417 618 2474 quos
640 2393 883 2454 conscios
908 2396 1139 2456 haberet
1162 2445 1178 2469 ‚
1219 2396 1327 2456 res-

53 2475 292 2556 pondit3
329 2477 522 2535 anihil
565 2501 840 2559 umquam
884 2477 938 2539 se
983 2479 1180 2551 domi,
1222 2479 1322 2537 nisi

51 2580 234 2620 »nutu
255 2606 276 2632 ,
304 2566 397 2622 aut
419 2584 591 2623 manu
614 2559 964 2646 significasse,
994 2562 1083 2622 vel
1107 2562 1144 2619 fi
1163 2561 1323 2643 plura.

1023 2646 1158 2704 Eiv
