1659 2917
266 146 743 191 'ANNALIUM
793 135 960 192 LIB.
1005 131 1170 194 XIV‘
1268 150 1381 209 199·

0 248 18 315 ᾗ
104 225 417 313 banturque
434 281 451 305 ‚
489 232 643 314 quod
668 232 778 291 dux
802 279 820 303 ‚
854 240 918 290 δε
944 234 1210 293 exercitus
1236 236 1375 294 tanti
1399 261 1589 288 ====

1 331 22 353 ’ν
102 314 237 374 belli
253 314 560 389 confestm‘,
573 314 803 375 servitiis
823 314 1371 377 obedirentcuncsta
1397 314 1447 353 A.
1467 317 1514 354 U·
1536 315 1584 356 C.

16 388 20 467 f
101 418 291 457 tamen
317 399 389 458 ad
410 403 817 483 Imperatorem
844 399 903 456 in
932 397 1155 457 mollius
1182 401 1367 460 relata.
1433 387 1543 437 8¹4·

97 481 490 565 Detentusque
533 483 693 543 rebus
731 480 993 565 gerundis
1030 483 1321 543 Suetonius
1351 533 1368 556 ‚
1428 463 1548 573 ngc'

95 564 254 644 quod
287 569 403 648 post
431 590 626 650 paucas
658 589 823 626 naves
858 566 918 624 in
945 563 1107 623 litore
1137 612 1153 636 ‚
1197 570 1370 626 remi-
1508 552 1531 581 ⁵

96 647 366 730 giumque
404 651 461 708 in
494 651 558 709 iis
592 648 847 710 amiserat
869 697 886 721 ,
933 670 1225 729 tamquam
1268 651 1370 710 du*

93 752 250 791 rante
273 732 453 804 bello,
483 761 516 785 α
534 733 751 793 tradere
776 733 1080 794 exercitum
1103 735 1368 800 Petronio

92 815 470 898 Hurpiliano
484 847 517 870 α)
531 864 547 889 ,
563 818 661 898 qui
678 824 792 898 jam
812 815 1098 877 consulatu
1121 816 1329 876 abierat
1347 865 1363 888 ‚
1465 849 1490 864 π

88 895 328 978 jubetur.
374 901 424 958 Is
451 924 568 959 non
594 902 822 960 inritato
853 901 1037 971 hoste,
1068 922 1252 980 neque
1282 900 1365 959 la·-

88 979 299 1042 ceffitus
320 1031 335 1054 ,
354 982 646 1045 honestum
665 986 810 1067 pacis
833 1006 1045 1043 nomen
1065 980 1222 1064 segni
1243 986 1362 1043 otio

86 1063 369 1146 imposuit.
1058 1099 1064 1103 ·>

169 1149 294 1208 XL.
332 1152 543 1208 EODEM
573 1173 721 1208 anno
758 1149 954 1206 Romae
986 1145 1219 1231 insignia
1248 1146 1362 1210 sce-

85 1231 198 1291 lera
227 1280 242 1303 ‚
284 1233 522 1292 alterurn
554 1231 852 1302 senatoris,
898 1229 1079 1290 servili
1118 1232 1359 1292 alterum

83 1314 311 1373 audacia
331 1363 347 1388 ‚
385 1314 616 1374 admissa
641 1315 782 1374 sunt.
832 1315 1126 1373 Domitius
1154 1316 1358 1375 Balbus

79 1418 198 1457 erat
216 1399 498 1479 praetorius
514 1446 530 1469 ‚
553 1397 714 1457 fimul
735 1396 902 1477 longa
922 1395 1137 1457 senecta
1152 1446 1168 1470 ‚
1193 1397 1358 1458 simul
1399 1407 1404 1412 “

77 1481 320 1541 orbitate
353 1490 411 1541 δε
442 1482 676 1562 pecunia
711 1480 918 1540 infidiis
955 1482 1227 1540 obnoxius
1254 1507 1266 1540 ε
1302 1484 1357 1542 ei

17 1597 22 1602 ·
77 1565 421 1646 propinquus
437 1565 695 1624 Valerius
709 1563 996 1635 Fabianus,
1015 1563 1357 1646 capessendis

76 1648 385 1706 honoribus
413 1647 710 1708 destinatus
733 1695 748 1720 ‚
784 1645 1034 1706 subdidit
1062 1649 1355 1707 testamen-

79 1752 201 1789 tum
220 1778 236 1803 ,
269 1729 488 1789 adscitis
516 1732 728 1791 Vincio
758 1728 967 1788 Rufino
996 1739 1052 1791 δε
1076 1732 1353 1791 Terentio

75 1815 322 1873 Lentino
349 1861 364 1886 ‚
403 1815 682 1895 equitibus
709 1814 1000 1873 Romanis,
1050 1812 1140 1897 nli
1163 1815 1352 1874 Anto-

74 1897 234 1956 nium
274 1898 564 1969 Primum,
607 1906 666 1957 &
702 1895 959 1955 Asinium
1004 1897 1350 1966 Marcellum

70 1979 427 2041 sociaverant.
447 1980 751 2051 AntoniUS‚
776 1979 1004 2038 audacia
1022 2002 1350 2062 promptus;

72 2064 376 2124 Marcellus
393 2113 409 2137 ‚
433 2063 627 2123 Afinio
647 2062 902 2123 Pollione
922 2087 1130 2146 proavo
1150 2065 1348 2138 clarus,
1411 2082 1413 2084 ’

71 2169 254 2226 neque
281 2171 505 2206 morum
529 2147 868 2231 spernendus
890 2147 1218 2221 habebatur,
1248 2149 1351 2208 nifi

69 2229 224 2310 quod
266 2253 648 2312 paupertatem
687 2232 1023 2314 praecipuum
1061 2231 1344 2292 malorum

71 2312 350 2372 credebat.
372 2316 545 2397 Igitur
559 2315 826 2373 Fabianus
847 2314 1058 2374 tabulas
1080 2316 1145 2374 iis
1160 2365 1176 2388 ‚
1202 2339 1343 2397 quos

71 2398 412 2469 memoravi,
444 2407 501 2458 &
525 2398 642 2456 aliis
665 2398 849 2457 minus
870 2398 1213 2472 inlustribus,
1241 2400 1341 2457 ob-

70 2478 261 2560 fignat.
305 2480 479 2556 Quod
511 2481 657 2564 apud
680 2503 858 2561 patres
887 2484 1224 2542 conviCtum.
1268 2485 1338 2542 Et

68 2562 333 2624 Fabianus
386 2563 772 2646 Antoniusque
824 2589 953 2626 cum
1009 2565 1218 2624 Rufino
1277 2573 1339 2627 δε

970 2706 980 2713 ,
1052 2651 1079 2706 1
1118 2648 1172 2708 iv
