1637 2917
332 193 787 241 ΑΝΝΑῑῐ-υΜ
836 175 1102 238 Nom-s
1240 194 1366 262 405

80 296 142 345 ip.
156 292 203 337 7.
226 292 396 341 nempe
418 275 514 323 caeli
538 274 830 331 clementiam
849 313 861 335 ‚
891 274 974 323 soli
1000 276 1325 327 fecunditatem
1346 318 1365 341 ‚

88 344 350 394 incolarum
367 339 654 388 sobrietatem
674 377 686 399 ‚
715 342 896 404 imperii
914 359 1077 405 pacem
1095 346 1364 407 immotam,

83 411 249 477 ,patriae
268 424 474 456 amorem
498 413 542 454 ὅ(
560 422 845 460 externarum
873 422 1088 455 terrarum
1116 427 1365 476 contemp-

98 491 212 525 tum.
276 473 557 523 Addideram
609 489 798 540 quoque
855 471 919 519 ibi
972 473 1254 538 promiscuos
1318 482 1364 524 δε

89 541 274 608 populo
297 557 509 607 acceptos
538 537 624 588 effe
653 539 776 587 cibos
807 554 954 604 ,equos
974 578 986 598 ,
1024 557 1156 588 canes
1179 579 1191 601 ‚
1221 542 1328 590 feles
1349 580 1364 603 ‚

88 625 246 656 mures
270 605 394 655 senio
421 624 608 674 quoque
633 622 687 653 ac
716 603 880 652 morbo
912 607 1096 653 enectos
1117 644 1129 665 ,
1164 607 1366 674 aliasque

93 672 246 722 sordes
268 675 423 722 ceteris
442 674 627 738 populis
647 671 945 719 abominatas.
968 671 1030 719 At
1046 689 1187 719 novas
1202 674 1367 735 adhuc,

93 739 259 806 easque
289 739 580 804 penitiffimas
601 777 613 797 ‚
653 739 810 801 accepi
839 754 865 784 a
891 739 995 785 viro
1027 736 1189 785 harum
1216 757 1366 788 rerum

95 803 418 853 consultiffimo
440 843 453 864 ‚
486 806 565 871 qui
582 802 745 850 Pekini
780 802 933 869 degit,
971 803 1258 871 multumque
1282 805 1369 854 ad—

92 871 272 920 laborat
293 909 306 932 ‚
335 886 383 918 ut
415 871 537 919 Sinae
558 867 880 918 accuratiffime
904 867 1206 918 innotescant.

158 936 401 1002 Pr'aecipuae
439 937 528 985 illae
567 933 706 985 causae
743 933 876 983 sunt:
929 953 970 983 1.
1001 935 1254 1003 Pervagata
1284 953 1370 1002 pet

91 1017 244 1052 totum
279 1005 524 1068 imperium
554 1005 696 1068 pietas
728 1000 929 1049 filiorum
959 1004 1008 1050 in
1044 1020 1252 1068 parentes
1272 1042 1286 1064 ,
1322 1010 1369 1051 &

95 1069 197 1133 jura
232 1084 475 1134 parentum
505 1071 555 1116 in
586 1068 752 1116 liberos
773 1106 785 1128 ,
820 1070 884 1121 ita
914 1084 962 1116 ut
990 1069 1120 1126 liberi
1153 1069 1233 1118 fim
1265 1086 1370 1118 cer⁴

95 1135 309 1185 tiffimum
353 1141 398 1191 δε
442 1133 840 1200 locupletiffimum
889 1151 1130 1199 parentum
1176 1136 1368 1191 bonum.

96 1221 142 1251 2·
158 1202 361 1250 Inustum
384 1200 592 1261 homini,
658 1202 703 1248 ui
728 1200 818 1248 fine
837 1200 987 1249 liberis
1005 1204 1196 1261 moritur
1213 1242 1226 1263 ‚
1255 1220 1369 1267 pro-

95 1267 305 1334 pudium.
334 1267 547 1331 3.Mores
568 1219 702 1331 ipscius
723 1269 935 1332 imperii,
961 1268 1122 1334 quibus
1138 1270 1370 1329 maxima,

53 1381 57 1387 ,
97 1334 354 1400 graviffima
375 1373 387 1394 ‚
421 1331 783 1400 sanffissimaque
801 1350 1045 1397 parentum
1070 1351 1175 1382 cura
1197 1337 1244 1382 in
1262 1352 1369 1382 ma-

93 1401 283 1448 ritandis
305 1401 455 1447 liberis
475 1415 719 1463 reputatur.
739 1418 785 1457 4.
803 1398 1026 1447 Honores
1049 1400 1189 1457 additi
1211 1400 1368 1451 vidua.-

97 1466 178 1514 bus
199 1505 211 1528 ,
247 1483 348 1533 quae
368 1463 583 1513 secundas
607 1466 787 1531 nuptias
814 1482 912 1511 non
937 1467 1110 1515 ineunt.
1140 1466 1370 1531 5.Adop-

97 1534 245 1581 tiones
265 1571 278 1593 ‚
315 1550 415 1599 quae
435 1538 480 1579 δε
498 1531 631 1596 prole
653 1530 906 1579 carentibus
926 1569 939 1591 ,
972 1537 1017 1578 ὃ(
1037 1533 1178 1580 nimia
1197 1535 1370 1581 onustis

91 1601 227 1667 aque
262 1597 544 1659 subveniunt.
584 1604 628 1644 6.
651 1596 901 1644 Mulierum
925 1596 1119 1644 solitudo
1135 1636 1148 1658 ,
1174 1599 1293 1646 unde
1314 1600 1370 1646 iis

97 1667 249 1726 major
281 1665 632 1729 puerperiorum
663 1662 832 1727 cupido
852 1701 864 1723 ‚
894 1665 1114 1728 pauciora
1151 1665 1200 1711 in
1235 1664 1370 1730 Partu

95 1731 334 1797 pericula,
374 1731 574 1783 maxima
603 1734 648 1775 &
678 1727 850 1776 assidua
877 1729 1219 1778 educandorum
1251 1730 1371 1779 libe-

96 1815 258 1845 rorum
290 1812 412 1843 cura.
462 1813 508 1852 7.
547 1794 851 1842 Exheredatio
890 1793 1085 1843 filiarum
1122 1799 1332 1844 omnium
1355 1834 1372 1858 ‚

100 1864 193 1930 qua
223 1878 344 1910 certa
373 1860 549 1926 semper
581 1867 624 1907 &
660 1858 721 1908 sat
750 1862 905 1925 ampla
930 1859 1130 1909 filiorum
1157 1869 1202 1910 &
1232 1862 1373 1911 fami-

99 1931 264 1977 liarrun
285 1928 578 1993 patrimonia.
614 1931 655 1974 8.
674 1926 891 1975 Conubia
918 1929 1129 1976 militum.
1162 1947 1209 1984 9.
1231 1929 1372 1987 Certa

101 1998 359 2043 &immota
378 1995 495 2041 veffi
532 1994 619 2040 alia
635 2030 647 2051 ‚
667 1995 789 2059 agris
812 1993 1077 2042 inhaerentia
1096 2033 1108 2054 ,
1131 2011 1230 2061 quae
1249 2012 1373 2042 mer-

100 2078 306 2112 catorem
329 2067 374 2108 &
397 2010 618 2108 artiligcem
647 2058 867 2107 indireffl.
894 2058 1070 2107 tantum
1104 2061 1373 2124 percellunt.

109 2146 183 2177 10.
204 2127 359 2175 Pauca
378 2128 521 2186 mari,
546 2141 698 2191 pauca
722 2128 771 2173 in
792 2141 995 2175 externas
1029 2142 1163 2175 terras
1194 2129 1374 2176 itinera.

109 2212 130 2243 1
145 2213 184 2242 1.
203 2192 409 2241 Maxima
427 2191 615 2251 facilitas
631 2230 644 2252 ‚
673 2207 721 2240 ut
742 2210 796 2240 ex
817 2191 908 2239 unffi
928 2193 1169 2257 provincia
1192 2195 1240 2241 in
1260 2194 1374 2242 alte-

105 2278 205 2309 ram
229 2257 568 2308 transvehantur
588 2257 799 2315 homines
815 2296 829 2318 ‚
856 2275 995 2322 prout
1013 2259 1208 2324 postulat
1230 2260 1370 2308 abun-

104 2327 264 2375 dantia
286 2365 297 2385 ‚
332 2340 409 2373 aut
438 2324 656 2371 sterilitas·
710 2330 783 2372 12.
817 2323 935 2372 Non
975 2324 1122 2373 sobria
1163 2325 1339 2374 tantum
1359 2364 1373 2388 ,

107 2391 181 2442 sed
216 2389 442 2447 laboriosa
482 2407 669 2456 quoque
711 2388 916 2455 ipsorum
954 2407 1225 2458 magnatum
1267 2395 1375 2440 vita.

112 2477 188 2522 13.
214 2458 358 2506 Nulla
393 2455 684 2522 praejudicata
719 2458 885 2522 opinio
924 2458 1200 2524 ignobilium
1235 2458 1375 2505 nobi<

106 2527 277 2573 liumve
318 2525 598 2588 nuptiarum.
661 2539 733 2580 14.
772 2521 1004 2572 Nobilitas
1031 2564 1043 2585 ‚
1073 2526 1139 2571 lex
1182 2525 1373 2589 antiquo

97 2591 323 2652 Sinarum
350 2588 428 2637 usu
451 2627 464 2649 ,
499 2587 661 2636 officiis
691 2587 1010 2657 virtutibusque
1039 2589 1217 2638 addi&a
1236 2626 1249 2648 ‚
1281 2591 1378 2636 mi·-

22 2663 41 2689 “-
107 2654 237 2723 prime
272 2653 379 2715 vfero
418 2653 719 2718 hereditaria:
759 2655 969 2706 homines
991 2694 1005 2720 ‚
1048 2673 1144 2718 non
1179 2653 1394 2728 familias,
