1659 2917
241 180 710 246 ,annianum
752 154 920 218 [113.
963 159 1128 220 XIV.
1224 181 1337 235 209

69 257 135 324 ’δε
155 282 377 343 accepto
396 309 411 333 ‚
443 263 520 319 ita
546 258 761 340 incipit.
798 286 829 308 cc
845 257 1338 332 Quartusdecimus
1361 282 1553 317 Ξ

76 367 292 404 mannus
318 346 393 404 est
411 392 428 416 ‚
468 340 647 402 Caesar
668 389 685 413 ‚
727 363 791 400 ex
826 364 939 420 quo
966 340 1078 420 spei
1110 362 1209 399 tuae
1240 342 1342 400 ad-
1363 343 1415 383 A.
1436 342 1484 380 U.
1504 340 1560 386 C.

73 447 304 486 »motus
330 426 486 485 sum:
524 429 746 484 οᾶανυε
771 471 787 495 ,
823 444 882 481 ut
911 423 1214 504 imperium
1245 426 1344 483 ob-

70 511 278 570 notineS.
303 510 508 569 Medio
526 508 794 590 temporis
819 527 1037 565 tantum
1061 507 1343 565 honorum

72 613 284 673 marque
314 616 486 676 opum
524 593 582 649 in
612 614 703 649 me
738 589 1025 648 cumulasti
1052 636 1068 660 ‚
1112 610 1172 647 ut
1203 591 1345 648 nihil

72 675 372 735 aefelicitati
396 698 532 734 meae
557 674 694 733 defit
710 721 726 744 ‚
753 671 854 731 nisi
878 672 1194 731 moderatio
1213 680 1344 751 ejus.

72 762 259 817 „Utar
299 758 516 840 magnis
560 756 827 839 exemplis
852 804 868 828 ‚
914 779 1016 814 nec
1054 779 1191 815 meae
1228 754 1345 814 for-

69 862 259 900 antunae
279 889 296 913 ,
333 840 430 901 sed
462 862 581 900 tuae.
625 840 852 900 Abavus
886 860 1008 898 tuus
1030 837 1305 921 Augustus
1329 886 1345 912 ‚

68 926 204 984 aoM.
235 924 494 1007 Agrippa:
521 922 898 1002 Mitylenense
925 922 1198 982 secretum
1222 945 1238 998 3
1277 924 1345 981 C,

69 1009 416 1067 „Maecenati
432 1007 590 1066 Urbe
609 1009 668 1066 in
685 1007 798 1087 ips&
816 1005 969 1066 velut
987 1006 1346 1087 peregrinum

68 1092 297 1149 morium
321 1090 599 1174 permisit:
632 1113 875 1171 quorum
900 1090 1039 1148 alter
1065 1088 1347 1147 bellorum

69 1172 328 1245 ascolus,
363 1174 501 1232 alter
539 1176 736 1232 Romae
778 1171 1026 1254 pluribus
1066 1171 1350 1231 laboribus

68 1261 341 1337 :ojastatus
360 1306 375 1328 ,
402 1256 588 1337 ampla
610 1255 845 1336 quidem
863 1303 878 1327 ‚
908 1253 1006 1314 sed
1029 1278 1129 1336 pro
1150 1256 1349 1336 ingen-

66 1340 259 1398 »tibus
297 1341 510 1398 meritis
550 1339 775 1420 praemia
817 1358 1158 1419 acceperant.
1229 1341 1349 1420 Ego

40 1421 251 1503 ‚mquid
295 1421 447 1481 aliud
493 1421 890 1481 munificentiae
932 1441 1034 1479 tuae
1078 1420 1345 1483 adhibere

39 1533 101 1560 ,ου
111 1505 269 1588 potui
294 1553 310 1578 ‚
348 1506 520 1586 qudm
544 1505 718 1564 studia
741 1553 758 1576 ‚
792 1526 853 1564 ut
875 1503 944 1562 fic
973 1503 1210 1563 dixerim
1230 1552 1246 1576 ,
1284 1505 1344 1563 in

63 1588 312 1648 „umbra
360 1589 593 1647 educata
633 1612 644 1644 :
707 1595 765 1646 δε
816 1586 1017 1668 quibus
1071 1586 1344 1646 claritudo

67 1672 267 1730 „venit
301 1717 317 1742 ‚
374 1669 528 1751 quod
577 1678 811 1750 juventae
859 1691 960 1729 tuae
1011 1669 1345 1729 rudimentis

68 1751 347 1813 „adfuisse
384 1753 622 1812 videor?
663 1751 873 1834 grande
901 1752 1065 1830 hujus
1106 1754 1186 1812 rei
1218 1775 1342 1834 pre-

46 1838 272 1896 mtium.
314 1835 391 1895 At
416 1857 476 1896 tu
497 1836 733 1919 gratiam
755 1832 1094 1893 immensam
1120 1883 1137 1907 ,
1176 1837 1344 1894 innu-

42 1942 325 1979 :aomeram
363 1920 660 2001 pecuniam
702 1917 1117 1976 circumdedisti
1143 1966 1158 1989 ‚
1199 1917 1341 1978 adeo

21 2006 25 2009 ’
62 2024 169 2063 :out
213 2003 545 2085 plerumque
595 2004 742 2061 intra
785 2024 877 2060 me
921 1999 1033 2082 ipse
1077 2000 1302 2061 volvam
1326 2026 1339 2060 ι

63 2089 298 2168 ”Egone
323 2086 558 2167 equestri
583 2094 639 2146 δε
660 2084 989 2168 provinciali
1009 2083 1135 2143 loco
1155 2105 1306 2144 ortus
1320 2131 1338 2157 ‚

64 2169 425 2251 mproceribus
473 2169 709 2228 civitatis
760 2168 1100 2227 adnumeror
1125 2173 1144 2228 ?
1186 2171 1340 2228 Inter

65 2250 325 2310 „nobiles
352 2298 369 2323 ‚
408 2259 464 2311 &
501 2251 668 2335 longa
704 2251 908 2311 decora
942 2249 1292 2333 praeferentes
1321 2298 1337 2324 ‚

62 2335 323 2393 „novitas
345 2357 471 2393 mea
493 2336 693 2394 enituit
715 2337 734 2391 ?
754 2334 874 2393 Ubi
900 2336 974 2393 est
1000 2335 1216 2394 animus
1241 2333 1339 2394 ille

62 2446 97 2472 ω
110 2416 345 2476 modicis
363 2423 688 2477 contentus?
702 2416 870 2476 Tales
893 2418 1084 2478 hortos
1099 2417 1334 2488 instruit,

55 2508 164 2560 m&
193 2522 288 2580 per
312 2500 422 2558 haec
448 2499 760 2560 suburbana
784 2500 997 2562 incedit
1024 2548 1041 2573 ‚
1089 2510 1146 2562 δε
1170 2501 1337 2560 tantis

14 2605 18 2609 ·
64 2604 369 2667 »agrorum
398 2582 581 2667 spatiis
604 2633 621 2662 ‚
664 2606 782 2647 tam
822 2583 937 2647 lato
971 2582 1166 2649 fenore
1205 2595 1342 2668 exus-³

1411 417 1520 464 815.

1400 497 1440 535 J.
1470 493 1523 534 C.

1428 573 1504 613 62.
