1659 2917
224 158 700 209 ANNALxuM
748 144 911 200 L113.
950 142 1117 203 XIV.
1218 165 1320 219 193

59 326 138 384 ita
182 325 428 385 veterani
472 322 544 382 ad
587 340 806 380 metum
846 311 1156 380 trahebant.
1223 324 1331 382 Sed
1352 329 1550 372 A·U·C-

61 409 192 487 quia
217 405 410 489 procul
437 405 728 465 Suetonius
757 403 948 463 aberat
971 451 986 475 ‚
1029 406 1273 483 petivere
1303 431 1335 464 a
1402 404 1509 452 3¹4·

61 493 207 549 Caro
235 491 494 551 Deciano
523 508 877 572 procuratore
902 486 1187 551 auxilium.
1233 489 1333 548 Ille
1397 484 1430 522 J·
1461 483 1510 520 C·

61 572 213 632 haud
236 572 502 656 amplius,
530 572 700 652 quam
721 570 1024 640 ducentos,
1056 569 1166 629 fine
1191 574 1338 650 justis
1424 560 1503 601 ⁶¹*

62 657 232 717 armis
273 655 454 722 misit:
494 666 550 716 δε
593 657 780 714 inerat⁸
816 653 1043 712 modica
1086 654 1339 717 militum

0 805 2 811 ,
60 761 275 800 manus,
304 738 510 799 Tutela
531 737 730 818 templi
747 735 878 795 freti
897 784 912 807 ‚
941 745 996 797 &
1017 737 1342 817 impedien-

63 822 210 882 tibus
232 869 250 894 ‚
290 823 388 904 qui
413 870 429 895 ‚
470 820 686 880 occulte
723 819 1045 881 rebellionis
1085 820 1341 894 conscii,

62 905 288 965 consilia
343 905 643 964 turbabant
681 951 698 976 ‚
755 926 939 984 neque
992 901 1193 962 foffam
1247 925 1346 964 aut

62 987 273 1048 vallum
291 989 677 1070 praeduxerunt
693 1035 710 1060 ,
732 1010 916 1067 neque
933 988 1101 1046 motis
1119 987 1345 1048 senibus

64 1080 122 1133 &
158 1072 386 1132 feminis
420 1120 435 1144 ‚
477 1079 735 1151 juventus
770 1068 884 1127 sola
916 1071 1145 1129 restitit:
1189 1070 1343 1152 quali

62 1154 254 1214 media
279 1177 410 1235 pace
440 1155 650 1214 incauti
679 1202 696 1226 ,
738 1153 1103 1212 multitudine
1139 1154 1344 1214 barba-
1414 1182 1416 1184 ’

66 1260 257 1297 rorum
275 1236 804 1298 circumveniuntur.
818 1239 884 1294 Et
905 1259 1087 1296 cetera
1104 1238 1342 1318 quidem

64 1323 280 1401 impetu
307 1321 523 1401 direpta
550 1369 566 1393 ,
609 1341 702 1380 aut
739 1319 962 1379 incensa
998 1319 1156 1378 sunt:
1193 1343 1342 1381 tem-

64 1403 260 1485 plum,
302 1404 362 1461 in
406 1427 520 1484 quo
564 1403 618 1464 se
659 1402 820 1461 miles
866 1403 1342 1484 conglobaverat,

63 1485 239 1545 biduo
290 1484 567 1546 obseffum
607 1536 625 1560 ‚
691 1507 1200 1568 expugnatumque.
1271 1491 1344 1549 Et

65 1569 240 1629 vietor
271 1570 566 1629 Britannus
587 1618 604 1642 ‚
639 1570 838 1628 Petilio
866 1569 1114 1642 Ceriali,
1152 1570 1340 1652 legato

63 1650 300 1735 legionis
331 1675 524 1723 nome,
570 1654 629 1710 in
665 1650 968 1710 subsidium
1013 1653 1338 1718 adventanti

65 1735 263 1795 obvius
290 1784 305 1807 ‚
341 1732 489 1793 fudit
513 1734 798 1816 legionem
821 1781 836 1805 ,
871 1744 961 1805 &‚
1000 1736 1156 1816 quod
1180 1736 1341 1818 pedi-

68 1839 191 1877 tum
215 1866 232 1890 ,
270 1815 550 1877 interfecit
577 1843 588 1875 ε
628 1817 865 1876 Cerialis
897 1838 1027 1875 cum
1061 1819 1343 1899 equitibus

65 1900 233 1962 evafit
254 1902 313 1960 in
339 1902 505 1960 castra
526 1947 542 1971 ,
580 1909 638 1961 δε
680 1901 1045 1960 munimentis
1081 1900 1342 1962 defensus

67 1986 159 2044 est.
184 1986 315 2059 Qua
337 1982 495 2043 clade
518 2031 534 2055 ‚
559 1992 617 2044 &
637 1982 780 2041 odiis
800 1984 1094 2064 provinciae
1119 2033 1135 2056 ,
1167 2009 1342 2066 quam

67 2066 292 2126 avaritia
321 2067 380 2125 in
408 2065 624 2126 bellurn
659 2087 847 2147 egerat
870 2114 887 2138 ,
935 2067 1181 2150 trepidus
1211 2091 1343 2150 pro-

56 2150 287 2216 vcurator
311 2152 486 2209 Catus
508 2150 567 2208 in
590 2148 837 2208 Galliam
862 2151 1088 2211 transiit.

51 2241 56 2246 '
150 2233 432 2300 XXXIII,
473 2232 564 2293 Ar
614 2235 943 2294 Sum-omns
992 2232 1134 2293 mira
1182 2232 1344 2292 cons-

68 2312 243 2376 tantia
293 2315 510 2375 medios
562 2315 709 2376 inter
763 2316 941 2376 hostes
992 2317 1344 2376 Londinium

0 2449 2 2455 .
68 2397 309 2481 perrexit
332 2445 350 2469 ,
391 2420 772 2482 cognomento
820 2399 1056 2481 quidem
1107 2399 1343 2460 coloniae

0 2522 3 2556 :
70 2504 188 2540 non
223 2479 433 2563 insigne
460 2528 478 2554 ,
520 2479 618 2542 sed
644 2481 802 2566 copia
825 2485 1244 2566 negotiatorum
1280 2492 1339 2542 &

0 2608 5 2639 r
69 2585 493 2627 commeatuum
530 2567 774 2628 maxime
807 2567 1025 2630 celebre
1055 2593 1067 2627 :
1110 2568 1193 2629 ibi
1219 2589 1340 2625 am·-

235 2649 386 2708 Yom.
418 2651 528 2711 III.
688 2694 692 2697 ·
1090 2655 1115 2711 Ι

62 240 271 325 effigies
322 240 535 300 reli&as
572 287 588 313 ‚
641 258 702 296 ut
740 239 990 296 Britanni
1024 240 1093 298 ad
1133 237 1287 322 spem
1313 287 1329 312 ‚
1352 271 1544 296 :zm
