1637 2917
207 148 330 208 '472
404 131 474 189 IN
520 131 771 191 LmRUM
815 149 1381 203 QUINTUMDEchUM

211 229 362 280 missas
382 267 396 292 ,
432 212 551 296 aegre
588 245 645 277 ue
670 226 852 295 Syriam
885 244 1108 280 retentam
1140 228 1289 280 scribit
1315 232 1488 282 Sueto*
1535 290 1539 294 .
1576 275 1583 281 .

213 301 318 347 nius
348 299 398 346 in
419 294 538 344 Ner.
614 311 690 361 ap.
713 311 733 359 3
740 312 789 353 9.
819 297 992 345 atrocia
1009 335 1022 358 ‚
1049 295 1188 364 quam
1207 315 1315 348 vera
1329 336 1344 360 ‚
1369 315 1485 352 nat⁴⁴

212 364 346 414 randi
377 360 611 411 curiofior.

280 429 487 494 Quorum
505 425 820 493 simulacrum.
856 427 1006 476 Multa
1029 430 1152 475 enim
1175 427 1287 477 dura
1309 465 1330 489 ,.
1356 435 1403 477 δε
1433 431 1485 477 in

212 493 381 544 servitii
399 495 590 542 modum
605 531 618 554 ,
645 492 702 541 ab
722 492 955 543 Armeniis
975 491 1216 559 usurpata:
1245 493 1278 541 fi
1295 495 1486 561 quidem

213 563 503 609 munimenta
531 558 713 626 ingressi
745 558 844 606 sunt
861 598 876 621 ‚
912 574 1162 627 antequam
1185 576 1356 626 agmen
1380 560 1487 609 Ro-

210 645 408 678 manum
439 625 673 676 excederet
698 643 715 687 3
754 626 1084 678 circumstetere
1122 627 1217 675 vias
1245 644 1261 688 3
1304 628 1488 694 captiVa

211 695 447 760 mancipia
467 730 482 754 ,
514 693 654 744 vestes
684 708 913 758 rapuere3
949 710 1080 741 arma
1109 694 1353 741 retinuere.

244 824 372 874 Cir.
384 807 484 877 W
487 823 524 871 Ι.
544 821 681 884 Apud
682 822 846 889 figna.
865 823 920 871 In
937 825 1193 889 principiis,
1211 822 1334 890 apud
1353 823 1491 889 aquic

210 891 278 940 las
292 895 336 937 ὃ(
346 888 377 936 'fi
382 906 490 956 gna,
504 907 604 955 quae
619 906 745 937 erant
763 890 1011 938 castrorum
1025 892 1231 950 numina,
1243 888 1490 951 jurabatur.

283 953 388 1004 Unci
406 955 477 1003 die
494 953 666 1019 quadra
704 955 805 1002 intu
823 954 1234 1020 milliumspatium.
1250 954 1487 1021 Magnum

213 1021 389 1071 itineris
412 1019 621 1086 spatium.
688 1021 777 1068 este
793 1023 918 1069 enirn
930 1021 1131 1088 Vegetio
1147 1021 1170 1068 I
1183 1059 1196 1082 ‚
1215 1038 1261 1078 9.
1279 1019 1490 1069 Militari

211 1084 369 1153 gradu
391 1087 562 1136 viimi
584 1086 729 1135 millia
750 1103 812 1148 pa
848 1104 951 1136 uum
981 1087 1104 1136 horis
1132 1088 1323 1152 quinque
1350 1085 1491 1134 dum-

213 1166 357 1203 taxat
375 1106 542 1219 aejfivis
559 1151 775 1217 conficien
813 1154 971 1217 afitnr.
986 1152 1128 1202 Pleno
1147 1166 1297 1202 autem
1310 1150 1487 1219 gradu,

213 1217 292 1283 qui
312 1217 496 1268 citatior
510 1218 594 1284 est,
613 1217 797 1269 totidem
813 1217 938 1270 horis
955 1218 1330 1287 vigintiquatuor
1342 1216 1492 1270 millia

210 1284 479 1351 peragenda
491 1287 620 1351 fimf.

279 1349 488 1412 Speciem
507 1350 763 1419 insignium.
786 1351 898 1400 Paeti
918 1355 1130 1402 exercitui
1154 1368 1296 1419 raptae
1318 1351 1495 1414 vestesff

217 1431 392 1465 retenta
423 1435 566 1465 arma.
601 1418 715 1465 Inde
741 1417 951 1465 Corbulo
983 1421 1130 1466 noluit
1155 1418 1284 1465 suum
1310 1421 1490 1466 exerci-

217 1496 315 1530 tum
356 1481 612 1549 fulgentem
650 1482 899 1548 insignium
937 1479 1121 1530 suorum
1163 1500 1495 1548 armorumque

214 1545 415 1610 speciem
442 1546 653 1612 praeferre
673 1586 688 1608 ‚
719 1564 821 1613 quae
845 1546 1141 1595 diversitatem
1167 1548 1497 1613 exprobrasset.

214 1610 294 1662 De
324 1613 520 1661 militum
544 1612 794 1679 insignibus
823 1611 995 1660 di&urn
1021 1615 1082 1661 est
1104 1614 1279 1662 Annal.
1299 1614 1350 1674 I,
1380 1632 1460 1673 24.

283 1677 437 1746 Maesti
474 1679 713 1741 manipuli.
773 1676 933 1743 Quam
971 1679 1067 1728 haec
1100 1678 1269 1731 Tacito
1310 1679 1452 1749 digna
1474 1687 1494 1730 Ξ.

213 1742 462 1815 kQuantum
495 1744 786 1812 scriptoribus
826 1748 1126 1813 exemplum!

281 1875 409 1926 Car.
428 1874 592 1929 XVII.
619 1878 720 1929 Hoc
745 1893 1058 1946 conquerente.
1082 1878 1355 1938 Corbulone
1373 1890 1492 1931 confi
1567 1954 1569 1956 ³

255 1960 456 1992 uerente.

215 1960 253 2012 'q
282 2007 499 2074 Diversis
525 2010 749 2077 praefidiis
786 2028 998 2061 vacuam.
1051 2011 1261 2060 Corbulo
1298 2025 1486 2093 quoque

219 2075 535 2140 expostulabat
552 2113 566 2135 ‚
599 2093 646 2124 ut
671 2077 944 2126 Armeniam
967 2115 980 2138 ,
1017 2076 1221 2126 deduffis
1251 2078 1342 2126 alio
1367 2094 1488 2143 prae-

220 2140 338 2190 fidiis
356 2180 369 2202 ,
404 2158 595 2191 vacuam
628 2141 795 2191 faceret
819 2141 1092 2210 Vologeses.

285 2206 400 2258 Sine
437 2206 627 2258 arbitro.
662 2208 818 2268 Antea
838 2214 962 2259 enim
978 2210 1180 2258 Rotnani
1198 2207 1411 2257 Parthive
1427 2207 1490 2257 de

218 2271 455 2321 ''Armeniae
487 2291 635 2340 regno
665 2276 930 2326 statuebant.
964 2275 1107 2323 Nunc
1131 2274 1240 2324 vero
1261 2274 1486 2324 Romanis

221 2337 485 2407 Parthisque
509 2341 844 2405 recedentibus,
871 2341 963 2392 fine
983 2343 1150 2392 arbitro
1167 2342 1325 2390 relicta
1345 2342 1425 2390 cst.

285 2470 411 2520 CAP.
440 2470 624 2523 XVIII.
664 2472 958 2525 Frumentum
982 2474 1143 2537 plebis.
1185 2474 1490 2523 Frumentum·

223 2538 457 2603 publicum
469 2577 480 2598 ,
500 2539 625 2607 quod
639 2541 769 2608 plebs
788 2542 984 2592 Urbana
999 2559 1083 2608 pet
1097 2541 1298 2608 fingulos
1313 2537 1491 2591 menses

220 2605 490 2671 accipiebat.

1579 818 1604 834 ;
1561 350 1604 810 πωωωπῶτῆϋῆ·
