1659 2917
302 162 763 208 ἈΝΝΑωυΜ
805 145 978 206 LIB.
1021 142 1159 207 XV.
1263 135 1379 223 22‘9

112 244 316 307 [detrusi
347 294 365 319 ‚
431 269 564 305 mox
593 292 609 317 ‚
672 243 1090 325 erumpentibus
1145 245 1338 306 nostris
1363 292 1381 318 ‚

119 329 416 390 caeduntur.

195 413 270 474 V.
288 415 586 471 Commo
613 431 804 469 tamen
821 455 837 481 ,
856 408 1111 490 quamvis
1131 408 1381 472 secundis

111 495 277 555 rebus
310 493 414 555 suis
436 542 452 567 ‚
496 493 910 554 moderandum
937 492 1170 551 fortunae
1198 515 1340 554 ratus
1364 544 1381 569 ‚

115 579 262 638 misit
307 579 379 638 ad
424 576 747 659 Vologesen
778 627 795 650 ‚
849 578 947 658 qui
985 577 1389 659 expostularent

113 663 289 722 :avim
329 662 624 744 provinciae
662 661 899 719 inlatam
927 686 942 717 2
990 659 1203 718 socium
1248 663 1393 719 ami—

115 768 402 825 nocumque
431 767 624 824 regem
647 792 664 817 ‚
694 745 951 803 cohortes
976 745 1260 802 Romanas
1289 745 1393 802 cir-

115 857 149 884 :0
162 828 455 888 cumsideri
474 827 793 887 :omitteret
814 826 995 910 potius
1015 825 1394 900 obsidionem,

116 933 254 972 :naut
274 910 328 970 se
357 934 582 992 quoque
606 911 665 969 in
690 934 824 994 agro
846 910 1029 969 hostili
1057 912 1222 968 castra
1247 910 1394 994 posi-

116 1017 430 1055 naturum».
498 993 796 1076 Casperius
827 995 1078 1053 centurio
1100 1041 1117 1065 ‚
1160 994 1220 1051 in
1266 1017 1394 1053 eam

115 1079 462 1163 legationem
487 1077 732 1137 deletfims
755 1126 772 1150 ‚
815 1078 960 1160 apud
994 1076 1267 1159 oppidum
1291 1078 1394 1136 Ni·-

116 1163 258 1223 fibin
272 1212 288 1235 ‚
311 1161 524 1245 septem
542 1170 598 1221 &
621 1162 849 1244 triginta
870 1161 1119 1219 millibus
1140 1158 1394 1243 passuum

117 1271 151 1307 a
172 1244 574 1327 Tigranocerta
606 1244 903 1304 distantem
931 1292 950 1316 ,
991 1245 1130 1302 adiit
1159 1267 1351 1326 regem
1373 1292 1393 1317 ‚

116 1339 176 1390 &
227 1329 492 1387 mandata
538 1325 800 1387 ferociter
846 1327 1047 1387 edidit..
1121 1326 1393 1410 Vologesi

115 1432 271 1474 vetus
301 1421 359 1472 &
389 1410 608 1494 penitus
632 1411 868 1470 infixum
892 1431 1008 1471 erat
1033 1459 1055 1484 ‚
1095 1432 1251 1470 arma
1270 1413 1394 1470 Ro·-

117 1519 284 1556 mana
324 1493 540 1554 vitandi
583 1519 596 1551 z
652 1518 756 1554 nec
804 1492 1086 1576 praesentia
1134 1493 1394 1577 prospere

116 1579 362 1640 fluebant
389 1603 408 1636 ι
435 1577 669 1635 inritum
702 1577 1016 1636 obsi-dium:
1047 1598 1195 1636 tutus
1220 1600 1399 1638 manu.

117 1672 176 1725 &
203 1663 374 1744 copiis
398 1661 711 1742 Tigranes‘:
742 1659 918 1742 fugati
941 1709 957 1733 ‚
994 1661 1091 1741 qui
1114 1684 1398 1743 expugna-

120 1749 338 1807 tionem
363 1741 703 1826 sumpserant
727 1767 740 1799 :
780 1742 945 1801 miffae
971 1744 1030 1801 in
1059 1743 1398 1804 Armeniam

119 1829 368 1911 legiones
393 1852 406 1884 ε
449 1835 504 1886 ὃ(
529 1826 644 1884 aliae
666 1848 766 1908 pro
792 1825 939 1904 Syria
962 1875 978 1899 ‚
1025 1848 1221 1909 paratae
1245 1826 1398 1886 ultro

117 1913 438 1994 inrumpere
464 1935 476 1967 ε
511 1908 611 1967 fibi
634 1909 987 1969 imbecillum
1017 1912 1268 1991 equitem
1295 1934 1395 1993 pa-

119 1996 242 2058 buli
274 1993 500 2077 inopia:
542 2015 675 2051 nam
721 2015 907 2053 exorta
946 1994 1026 2052 vis
1062 1995 1396 2053 locustarum

85 2101 88 2104 ’
119 2078 446 2142 ambederat
467 2075 746 2159 quidquid
769 2076 1072 2136 herbidum
1087 2126 1103 2150 ‚
1125 2098 1218 2137 aut
1241 2075 1398 2136 fron-

124 2161 342 2224 dosum.
386 2161 564 2241 Igitur
589 2208 606 2233 ,
657 2181 815 2220 metu
849 2160 1092 2220 abstruso
1109 2210 1126 2235 ‚
1169 2160 1399 2220 mitiora.

123 2244 437 2307 obtendens
462 2289 480 2314 ,
518 2271 551 2294 oc
569 2241 859 2303 miffurum
888 2244 960 2302 acl
983 2248 1392 2327 Imperatorem

125 2333 496 2390 „Romanum
522 2325 734 2409 legatos
760 2376 776 2400 ‚
820 2325 979 2410 super
1011 2328 1253 2411 petenda
1282 2328 1393 2386 Ar-

126 2410 359 2471 :nmenia
381 2457 398 2481 ‚
433 2417 491 2469 ὃ(
519 2408 792 2469 firmanda
825 2433 956 2493 pace
973 2441 1051 2484 ιο,-
1075 2410 1390 2495 respondet.

56 2502 57 2505 ’
128 2492 721 2557 Monesen-:comittere
740 2494 1143 2578 Tigranocerta
1159 2525 1193 2550 σο
1202 2493 1394 2578 jubet}

130 2577 243 2665 ipse
273 2598 420 2640 retro
449 2576 730 2639 concedit.

1406 265 1602 299 =g=

1405 333 1455 373 A.
1476 333 1528 371 U.
1547 330 1602 370 Ca

1452 403 1560 455 815.

1447 478 1485 518 J.
1511 475 1565 516 C.-

1462 550 1546 595 624
