1637 2917
267 127 410 209 '412
477 127 907 193 IN'LmnoM
956 146 1473 198 ovonem-Meu

293 237 551 298 imperante
587 230 786 280 Claudio
809 267 822 290 ,
859 246 909 278 ut
942 231 1188 294 accipimus
1221 248 1244 278 e
1271 230 1358 279 ΜΓ.
1382 230 1575 283 Vindo-

296 298 486 347 bonenfi
511 336 523 359 ‚
561 315 699 365 quem
731 295 850 344 edidi
881 298 929 344 in
965 298 1119 361 priore
1152 295 1306 345 Taciti
1338 298 1540 346 editione

294 365 440 414 Tom.
477 363 575 423 IV,
608 381 719 430 pag.
747 379 857 425 233.

361 430 722 491 Triumphalium
772 428 901 494 veste.
961 427 1038 475 De
1088 427 1180 492 quai
1218 427 1404 476 dictum
1435 427 1572 495 suprzi
1605 448 1620 489 g

292 496 520 549 AnnaL'I
542 535 555 558 ‚
595 511 669 556 15.

355 616 483 666 CAP.
517 615 674 664 XLII.
719 615 996 674 Imperatore
1028 611 1254 678 genitam.
1300 614 1569 681 Agrippina

289 699 386 732 erat
407 682 675 731 Germanici
699 681 793 728 filia
813 718 825 739 ‚
849 677 975 726 soror
995 677 1099 727 Caii
1119 678 1371 746 Caligulae,
1397 683 1566 744 conjux

290 749 504 809 Claudii,
543 765 684 796 mater
705 747 753 795 N
759 748 925 795 eronis.

353 867 478 917 CAP.
501 867 684 916 XLIV.
723 865 947 914 Juvenem
968 863 1185 925 potentiae
1208 878 1444 926 promptae.
1475 865 1568 918 Ju-

288 951 455 985 venem
477 971 490 994 ‚
527 936 599 981 cui
623 932 767 980 facilis
805 948 857 978 ac
885 945 1105 995 prompta
1131 945 1226 977 erat
1257 933 1478 995 potentia.

353 1054 480 1103 CAP.
529 1052 690 1103 XLV.
745 1047 988 1116 Castellum
1036 1050 1266 1099 Gorneas.
1327 1049 1568 1112 Gorneae,

285 1120 521 1169 castellum
558 1119 791 1168 Armeniae
825 1155 838 1178 ‚
876 1131 1002 1163 nunc
1039 1112 1243 1165 Klwrien
1267 1154 1282 1177 ,
1326 1117 1451 1179 juxta
1487 1117 1565 1167 Cl.

287 1186 537 1234 d'Anville.

349 1305 474 1354 CAP.
498 1305 557 1352 L.
611 1303 854 1352 Artaxata
888 1297 937 1349 ὓ
972 1298 1329 1366 Tigranocerta.
1368 1301 1445 1350 De
1465 1304 1563 1351 Ar·

284 1372 433 1420 taxata
477 1370 649 1417 dicrum
695 1368 826 1432 supra
856 1367 1031 1414 Annal.
1062 1366 1108 1412 Π
1128 1404 1140 1424 ,
1176 1374 1251 1426 56.
1314 1366 1560 1434 Tigrano-

279 1452 404 1485 certa
422 1474 434 1495 ‚
456 1435 545 1484 five
572 1434 674 1481 urbs
692 1433 911 1499 Tigranis
930 1470 943 1493 ,
973 1447 1020 1477 ut
1039 1429 1188 1494 ipsum
1207 1449 1381 1479 nornen
1400 1432 1559 1498 sonat,

279 1501 366 1551 fuit
395 1502 470 1550 ubi
499 1517 629 1548 nunc
659 1499 798 1559 Sert,
836 1499 910 1547 vel
943 1494 1104 1545 Serea'.

280 1631 472 1748 PACAP.
498 1630 580 1679 LI.
633 1626 804 1690 Ripam
838 1624 900 1674 ad
934 1623 1134 1677 Araxis,
1169 1626 1346 1677 Araxes
1368 1668 1382 1692 ,
1431 1647 1556 1683 nunc

369 1714 467 1748 ras.
953 1716 957 1720 ·

346 1817 472 1867 CAP.
501 1816 606 1864 LII.
647 1815 744 1864 Per
772 1812 1072 1863 Dalmatiam
1105 1830 1326 1867 moverat.
1355 1816 1432 1865 De
1464 1786 1554 1868 hac

276 1882 769 1934 CamilliScriboniani
784 1880 1033 1929 rebellione
1049 1881 1151 1930 vide
1165 1882 1552 1949 Supplementum
1633 1935 1637 1946 ,

273 1951 451 2000 Annal.
477 1947 573 2009 IX,
604 1963 656 2011 35
691 1954 736 1994 &
764 1954 840 2010 36.

342 2068 468 2117 CAP.
492 2066 620 2127 LIII.
654 2065 732 2114 Ad
764 2063 813 2113 id
838 2065 1062 2132 prolapsa.
1095 2065 1196 2114 Lex
1226 2067 1305 2115 illa
1331 2066 1410 2116 sub
1428 2067 1546 2120 Ves-
1626 2068 1637 2117 9

274 2134 463 2203 pafiano
497 2132 711 2197 Principe
751 2148 983 2180 renovata.
1030 2132 1199 2180 Auc‘lor
1222 2135 1345 2180 enim
1355 2133 1547 2199 senatui

262 2201 362 2264 ficit
394 2198 663 2248 decernendi
683 2237 697 2258 ‚
735 2213 784 2245 ut
805 2199 965 2262 quaeje
991 2197 1276 2260 alienossrvo
1289 2200 1506 2267 junxiffiet
1522 2239 1543 2265 ‚

278 2265 453 2316 ancilla
480 2264 737 2313 haberetur.
766 2263 955 2312 Sueton.
975 2265 1024 2311 in
1049 2262 1237 2329 Vespafi
1259 2264 1347 2313 XI.

339 2330 528 2380 Centies
546 2329 1112 2396 quinquagies-sestertium.
1130 2329 1322 2380 Gallicae
1342 2347 1541 2382 monetae
1568 2391 1570 2393 ,

273 2398 399 2447 librae
423 2396 523 2445 sunt
551 2400 822 2458 2‘‚918‚348.
1573 2455 1575 2458 ι

340 2463 798 2526 Serzataftonfizltzcm.
839 2461 914 2509 De
953 2460 1044 2509 hoc
1083 2459 1460 2512 senatusconsulto
1492 2463 1540 2511 Sc
1565 2467 1576 2527 J

272 2528 490 2579 Pallantis
511 2529 760 2576 honoribus
784 2528 885 2575 vide
904 2526 1039 2575 Plinii
1057 2530 1278 2593 ‘epistolas
1303 2528 1398 2581 VII
1415 2567 1430 2591 ‚
1464 2547 1538 2587 29.
1567 2503 1574 2540 ᾗ

271 2594 392 2654 VIII
410 2634 424 2659 ,
458 2606 501 2646 6.
533 2598 651 2645 inter
670 2594 956 2644 Testimonia
976 2593 1214 2647 Veterum.

1554 2564 1575 2612 :2

1555 2620 1573 2642 ,q
