1637 2917
313 165 429 240 386
516 154 600 217 IN
645 156 944 217 Limum
989 180 1498 230 υΝῡι-ῑειΜυΜΔ

375 255 578 322 Etrusci.
616 256 878 324 Complura
913 255 1127 325 superant
1165 258 1637 326 antiquitatis

309 339 534 375 numenta
559 322 752 373 Etruscis
783 325 920 373 literis
955 324 1154 391 insignia
1173 364 1185 385 ‚
1229 342 1330 392 quae
1363 325 1440 374 CI.
1467 325 1537 376 G
1585 335 1617 375 μ’·

310 393 484 459 aliique
513 390 677 440 eruditi
703 391 806 440 Itali
827 390 912 439 suis
938 392 1387 457 interpretationibus
1407 399 1451 441 &
1469 411 1517 440 m

310 459 457 526 tiplici
490 457 700 507 dmstrina
728 459 1045 506 nobilitavere.
1557 460 1562 476 ⁸

340 523 641 591 Aborigines.
651 525 950 592 Aborigine8‚
965 524 1089 573 Latii
1102 524 1266 573 incolae
1281 523 1506 592 antiquiffi
1567 540 1570 551 ·

355 590 408 643 V
404 591 632 641 eterrimis
662 591 945 641 Graecorum.
988 591 1164 640 Plinius
1196 591 1291 641 VII
1313 629 1326 652 ,
1358 607 1414 652 57
1441 597 1487 639 &
1510 603 1567 651 5<

309 655 532 707 Gentium
553 658 785 723 consensus
814 657 987 706 tacitus
1006 658 1182 719 primus
1201 657 1397 706 omnium
1418 658 1546 721 cons}

307 723 464 786 ravit,
487 738 536 771 ut
555 723 715 774 Ionum
734 723 882 773 literis
898 738 1149 774 uterentur.
1175 723 1367 775 Veteres
1388 723 1545 772 Graec
1565 761 1569 765 .

289 789 428 857 fuiffie
445 789 619 855 eusdem
633 805 767 852 paene
782 830 797 852 ‚
817 807 916 855 quae
934 791 1177 854 nuncfimt
1190 788 1398 850 Latinae,
1412 787 1569 839 indici
1613 787 1617 790 ’

304 858 395 907 erit
417 855 654 917 Delphica
679 855 838 904 tabula
858 887 881 914 ,-
908 873 1005 920 quae
1028 856 1087 922 est
1109 854 1238 904 hodie
1262 856 1309 904 in
1327 854 1521 917 palatio·

372 921 490 971 Tres
507 922 688 971 literas.
706 921 824 970 Tres
846 923 982 970 literae
1007 939 1034 969 a
1053 921 1254 971 Claudio
1274 921 1436 970 additae
1461 920 1535 969 fue

311 989 352 1040 d
376 1006 463 1054 pro
484 988 548 1039 V.
569 1006 628 1038 oc
653 1006 740 1055 pro
766 987 836 1037 PS
858 988 931 1037 vel
953 1000 1006 1036 wlf.
1030 994 1075 1036 &
1097 987 1128 1034 l-
1147 1026 1159 1048 ,
1192 1005 1240 1036 ut
1258 987 1432 1035 medius
1452 986 1531 1035 son
1564 999 1582 1003 ’

305 1056 463 1104 interl
489 1061 533 1103 &
555 1055 603 1105 V
624 1053 1017 1105 internosceretur.
1055 1054 1172 1102 Haec
1196 1052 1331 1102 fufius
1360 1055 1581 1120 explicat

262 1175 265 1177 ,
305 1121 411 1171 vide
427 1122 477 1169 in
497 1124 651 1188 priore
672 1121 825 1171 Taciti
846 1121 1050 1171 editione
1073 1120 1217 1169 Tom.
1243 1121 1287 1168 II
1307 1159 1320 1181 ,
1343 1137 1456 1188 pag.

1575 1192 1586 1208 J
1626 1190 1629 1191 γ

370 1253 497 1303 CAP.
519 1254 636 1305 XV.
666 1253 984 1317 Haruspicum.
1009 1251 1288 1318 Haruspices
1319 1270 1422 1304 exta
1443 1293 1457 1317 ‚
1490 1251 1604 1318 ἕὶιΙΔ

305 1335 423 1387 gura
445 1359 459 1382 ,
492 1337 708 1387 portenta
736 1320 1168 1388 interpretabantur.
1598 1325 1625 1361 ,'

373 1449 501 1500 CAP.
515 1450 654 1502 XVI.
666 1449 710 1499 F
708 1448 852 1516 rustra
870 1447 1131 1499 Arminium
1142 1449 1390 1516 praefiribi.
1405 1451 1556 1502 Frustr
1580 1455 1598 1492 J

303 1517 502 1582 jactitari
527 1518 793 1565 Arminium
828 1515 916 1564 effe
945 1531 1160 1580 patruum
1190 1516 1350 1564 Italici.
1393 1516 1547 1582 Ipsum
1579 1507 1619 1575 ’ξι

303 1582 456 1649 ipsum
478 1584 681 1632 Arminii
704 1581 851 1630 filiurn
873 1619 887 1642 ,
923 1581 1155 1630 Ravennae
1174 1615 1190 1635 ,
1220 1581 1375 1631 hostili
1404 1585 1455 1631 in
1474 1580 1615 1646 010}⁵

303 1649 512 1698 adultum
531 1689 544 1710 ,
580 1648 611 1697 fi
630 1652 679 1698 in
698 1666 897 1716 regnum
917 1645 1105 1696 venisset
1123 1686 1136 1708 ‚
1165 1647 1294 1712 posse
1318 1647 1546 1699 extimesc'

304 1731 355 1764 ut
381 1731 492 1782 pote
520 1715 744 1767 infectum
771 1716 998 1764 alimonio
1022 1752 1035 1775 ‚
1069 1712 1248 1762 servitio
1267 1753 1280 1776 ,
1311 1716 1433 1763 cultu
1454 1754 1468 1776 ,
1502 1716 1560 1766 cev

304 1781 500 1849 terisque
519 1782 733 1832 omnibus
762 1783 974 1830 externis.
1017 1779 1091 1828 Ae
1111 1819 1124 1840 ‚
1157 1778 1189 1827 fi
1209 1796 1400 1846 paterna
1421 1780 1521 1831 Itali

303 1866 436 1897 mens
457 1848 562 1898 effet
579 1888 591 1910 ‚
627 1867 726 1898 non
756 1849 897 1897 alium
924 1845 1139 1896 infensius
1161 1863 1289 1894 arma
1308 1864 1468 1896 contra
1490 1847 1576 1912 ρι’

303 1917 438 1964 triam
463 1933 517 1964 ac
544 1916 653 1963 deos
679 1931 867 1982 penates
887 1953 901 1976 ,
925 1912 1064 1986 quam
1088 1929 1329 1979 parentem
1351 1915 1447 1979 ejus
1471 1913 1575 1971 Fl·

280 1993 283 1995 “
303 1984 434 2032 vium
450 2020 465 2043 ‚
497 1981 756 2030 exercuisse.

368 2111 495 2161 CAP.
531 2109 694 2162 XVII.
731 2109 836 2159 Nec
863 2122 1042 2170 putrem
1073 2107 1243 2158 rubori.
1282 2109 1388 2161 Nec
1414 2110 1518 2160 Itali
1553 2106 1559 2162 ,ἓ
1596 2106 1600 2118 '

298 2195 480 2245 patrem
503 2175 630 2226 suum
648 2175 859 2225 Flavium
878 2175 1034 2223 rubori
1049 2173 1137 2224 effe
1151 2215 1164 2236 ‚
1179 2174 1305 2244 quod
1326 2172 1528 2228 Romani
1542 2203 1564 2231 ι,

236 2260 239 2265 ’
299 2248 349 2295 in
386 2261 585 2312 quorum
626 2244 775 2292 castris
808 2283 821 2305 ‚
864 2240 1246 2292 consentientibus
1286 2243 1557 2297 Germanis
1592 2253 1597 2279 ‘

301 2311 529 2377 stipendia
551 2326 806 2370 meruerat,
833 2307 1017 2357 fidelem
1037 2307 1280 2375 semperrse
1296 2307 1559 2378 praestitiffe

299 2376 428 2435 „Vide
458 2376 591 2443 supra
622 2377 795 2424 Annal.
817 2375 862 2423 II
882 2413 895 2435 ,
925 2392 952 2431 9
991 2380 1036 2422 &
1073 2394 1145 2423 10.
1414 2425 1420 2430 ,

363 2441 795 2510 Langobardorum.
825 2441 877 2491 N
881 2457 968 2488 unc
998 2439 1039 2489 le
1063 2439 1414 2511 Brundebourg.

366 2571 492 2623 CAP.
509 2573 694 2624 XVIII.
715 2573 904 2626 Chauci.
925 2574 1159 2623 Maritima
1174 2575 1293 2623 inter
1312 2536 1575 2626 Amifiaui21¹

303 2632 454 2689 Z’Ems
469 2670 490 2706 ,-
526 2647 571 2690 &
596 2641 755 2690 Albim
775 2680 789 2703 ‚
819 2639 971 2692 Z'Elbe
990 2679 1006 2704 ,
1030 2639 1319 2692 habitabant.
1565 2687 1575 2713 ·,-
1632 2690 1633 2694 ,
