1659 2917
258 152 371 204 174
465 127 537 186 C.
581 128 1004 188 CoRNan
1056 130 1352 188 TACITI

251 225 478 287 Caesaris
522 227 804 287 dictatoris
828 277 845 302 ,
899 253 1018 312 quae
1062 229 1331 312 subje&os
1377 227 1546 289 finus'·

40 312 90 351 A.
110 311 159 349 U.
181 311 231 350 C.
255 311 550 371 editissima
578 310 898 392 prospectat.
950 313 1202 373 Accenso
1240 337 1377 395 rogo
1399 360 1416 384 ‚
1456 312 1524 369 li·-

91 382 198 422 8¹2.

105 533 179 578 59.

255 395 442 454 bertus
471 403 584 475 ejus
606 443 622 467 ,
668 418 1051 478 cognomento
1090 399 1339 456 Mnester
1360 443 1376 468 ,
1412 394 1526 476 ipse

185 481 196 493 “
258 477 406 538 ferro
443 476 497 538 se
533 477 837 561 transegit:
878 482 1156 539 incertum
1202 480 1425 538 caritate
1468 501 1530 536 in

259 583 551 646 patronam
569 610 584 634 ,
609 586 677 620 an
703 585 860 622 metu
883 564 1053 622 exitii.
1075 567 1239 622 Hunc
1258 560 1336 621 sui
1354 562 1530 620 finem

259 644 469 705 multos
494 667 621 705 ante
651 670 823 705 annos
851 646 1163 706 crediderat
1186 645 1495 728 Agrippina
1514 690 1534 716 ‚

259 728 798 810 contempseratque.
845 731 996 788 Nam
1036 729 1345 789 consulenti
1375 727 1533 810 super

261 815 489 872 Nerone
516 861 532 884 ,
573 811 976 895 responderunt
1022 813 1276 873 Chaldaei
1300 860 1316 886 ‚
1358 810 1537 870 «fore

261 918 366 954 mut
401 897 700 978 imperaret
726 944 742 968 ‚
787 918 1138 978 matremque
1169 896 1451 955 occideret
1476 918 1538 951 »ι

265 1000 432 1060 atque
469 979 566 1037 illa
587 1026 604 1050 ,
658 1007 691 1030 oc
719 979 962 1039 Occidat
985 1011 1046 1054 ο),
1087 981 1305 1061 inquit,
1345 1007 1377 1030 cc
1397 978 1538 1037 dum

264 1064 550 1143 „impetet
570 1090 602 1113 σο
616 1107 628 1120 .

358 1147 432 1204 Χ.
460 1146 566 1203 SED
591 1168 621 1202 a
651 1141 865 1203 Caesare
889 1141 1139 1226 per'festo
1167 1143 1402 1203 demum
1426 1142 1542 1203 sce-

267 1228 400 1300 lere,
416 1226 749 1311 magnitudo
768 1234 882 1308 ejus
901 1225 1184 1286 intelleffli
1203 1229 1306 1286 est:
1325 1224 1566 1307 ϊεὲΙΞἿιιοχ

266 1313 446 1371 nostis
473 1359 489 1384 ‚
534 1311 709 1370 modo
735 1333 834 1392 per
861 1309 1142 1370 silentium
1172 1310 1380 1370 defixus
1403 1358 1420 1383 ‚
1459 1308 1567 1368 sae-‘

269 1397 388 1479 pius
432 1417 636 1477 pavore
674 1393 1003 1475 exsurgenS,
1043 1401 1101 1452 &
1143 1395 1349 1453 mentis
1386 1394 1549 1475 inops

270 1480 461 1538 lucem
496 1477 888 1560 opperiebatur
916 1523 933 1549 ‚
977 1497 1270 1556 tamquam
1313 1477 1556 1536 exitium

271 1561 585 1623 allaturam.
627 1560 818 1642 Atque
848 1582 980 1619 eum
1004 1608 1021 1632 ,
1068 1564 1291 1619 auctore
1330 1562 1506 1618 Burro
1532 1607 1552 1633 ,

274 1646 457 1730 prima
472 1645 866 1704 centurionum
885 1643 1351 1723 tribunorumque
1367 1642 1556 1702 adula-

276 1730 357 1790 tio
380 1729 452 1788 ad
471 1727 628 1811 spem
651 1728 895 1786 firmavit
912 1775 929 1799 ,
950 1725 1330 1810 prensantium
1349 1749 1520 1785 manu
1535 1740 1572 1800 ‚‘

277 1815 733 1897 gratantiumque
752 1859 768 1883 ‚
794 1839 827 1862 α
842 1811 997 1891 quod
1021 1809 1320 1869 discrimen
1344 1811 1553 1892 impro-

276 1896 504 1955 ,visum
537 1942 553 1967 ‚
606 1904 665 1955 &
714 1895 904 1953 matris
957 1891 1170 1952 facinus
1228 1891 1472 1953 evasisset
1493 1923 1553 1954 ω.

278 1979 472 2041 Amici
514 1978 718 2037 dehinc
761 1977 914 2036 adire
953 1975 1203 2058 templa:
1242 1985 1334 2048 δε,
1372 1999 1556 2058 coepto

281 2060 544 2144 exemplo
565 2108 581 2132 ‚
619 2060 871 2143 proxima
901 2060 1226 2142 Campaniae
1258 2060 1561 2142 municipia

280 2146 524 2206 victimis
560 2153 618 2204 &
657 2142 1029 2226 legationibus
1071 2142 1320 2201 laetitiam
1361 2145 1580 2203 testari.v

281 2226 401 2312 Ipse
432 2276 448 2300 ,
492 2226 707 2287 diversa
752 2226 1104 2287 simulatione
1132 2275 1148 2299 ‚
1201 2228 1409 2286 maestus
1434 2274 1450 2298 ‚
1501 2236 1560 2287 &

285 2309 438 2395 quasi
462 2311 840 2370 incolumitati
865 2310 966 2370 suae
990 2309 1233 2370 infensus
1253 2357 1270 2383 ‚
1304 2333 1364 2368 ac
1389 2310 1561 2369 morti

287 2396 529 2479 parentis
555 2394 927 2455 inlacrimans.
973 2395 1124 2470 Quia
1145 2415 1335 2453 tamen
1363 2417 1476 2452 non
1500 2414 1563 2452 ut

289 2479 591 2539 hominum
616 2478 797 2537 vultus
816 2527 831 2550 ,
861 2479 938 2538 ita
962 2478 1217 2537 locorum
1240 2475 1406 2535 facies
1434 2499 1562 2535 mu·-

291 2577 480 2625 tantur
507 2612 525 2641 ,
570 2561 1073 2646 obversabaturque
1115 2561 1282 2621 maris
1319 2558 1467 2621 illius
1507 2568 1569 2622 ὅ(
