1659 2917
260 162 717 207 'ANNAL1UM
760 146 848 204 ΕΙ
877 167 926 205 Β.
970 140 1105 207 XV.
1211 151 1329 225 287

39 245 392 331 Turpiliano
417 293 433 317 ‚
470 242 742 304 consulari
766 292 782 315 ‚
822 246 1069 305 Cocceio
1095 247 1292 307 Nervae
1314 296 1331 321 ,
1354 271 1548 311 ΞΞΞ

60 331 279 418 praetori
317 329 604 412 designato
633 375 649 399 ‚
690 327 982 410 Tigellino
1008 376 1025 400 ‚
1074 328 1332 411 praefesto
1355 331 1403 371 A.
1426 330 1476 368 U.
1496 329 1550 369 C.

60 415 304 500 praetorii
323 462 340 487 ‚
362 409 558 474 tribuit
580 437 597 491 3
621 411 981 494 Tigellinum
1005 422 1063 473 δε
1085 416 1334 476 Nervam
1397 401 1505 444 818.

22 480 140 562 ita
182 498 494 570 extollenS,
535 518 635 569 ut,
675 494 834 578 super
873 497 1239 581 triumphales
1275 503 1334 560 in
1394 475 1518 600 ’ἐᾷ’

25 575 190 646 foro
232 583 508 666 imagines
535 629 552 654 ‚
600 582 750 663 apud
792 579 1062 662 palatium
1110 606 1338 666 quoque
1483 571 1502 592 ⁶

33 740 35 747 s
63 666 277 751 effigies
301 689 500 726 eorum
518 664 755 743 fisteregg
781 663 1088 724 consularia
1107 667 1344 750 insignia

31 751 37 823 ’ξ
60 750 416 834 Nymphidio
436 797 453 822 ,
495 749 566 809 de
592 742 742 830 quom,=
768 750 900 830 quia
922 774 1070 810 nunc
1092 751 1345 834 primum

36 872 39 911 2
64 834 284 896 oblatus
310 835 384 893 est
408 880 424 905 ‚
468 857 642 917 pauca
668 854 919 914 repetam
942 859 954 892 ε
981 858 1127 894 ωιτη
1150 845 1207 896 &
1231 835 1343 919 ipse

37 919 38 922 '
65 941 187 1004 pars
235 920 628 979 Romanarum
675 916 922 977 cladium
976 920 1097 978 erit.
1167 922 1347 1004 Igitur

34 997 44 1040 s
64 1023 248 1064 matre
291 1001 554 1061 libertina
595 1021 748 1060 ortus
777 1049 793 1073 ‚
841 1025 962 1082 quae
1006 1026 1204 1086 corpus
1243 1004 1347 1065 de-

1 1135 5 1154 .
41 1109 265 1148 corum
290 1086 435 1146 inter
456 1084 638 1146 servos
657 1084 996 1167 libertosque
1022 1088 1346 1171 Principum

0 1239 3 1245 ¹
42 1170 390 1253 vulgaverat
422 1217 439 1243 ‚
492 1185 559 1230 ex
604 1172 676 1229 C.
721 1168 935 1229 Caesare
979 1169 1034 1230 se
1086 1174 1344 1254 genitum

3 1306 5 1317 ,
46 1253 321 1327 ferebat,
360 1254 632 1336 quoniam
656 1300 673 1325 ‚
707 1250 854 1312 forte
878 1253 1124 1335 quadam
1153 1256 1350 1316 habitu

0 1359 2 1367 ’
47 1360 368 1421 proceruS,
416 1347 473 1398 &
511 1358 671 1396 torvo
713 1337 871 1396 vultu
910 1360 1026 1397 erat
1060 1363 1072 1396 ε
1125 1338 1235 1399 sive
1279 1343 1351 1405 C.

68 1419 250 1482 Caesar
268 1419 580 1480 scortorum
610 1443 837 1503 quoque
873 1422 1100 1506 cupiens
1123 1470 1141 1496 ,
1176 1424 1352 1484 etiam

2 1527 7 1536 ·
70 1506 240 1567 matri
268 1513 385 1587 ejus
410 1503 616 1565 inlufit.

0 1644 16 1669 „
158 1591 432 1650 LXXIII.
468 1591 544 1648 SE
563 1612 600 1647 D
641 1587 796 1646 Nero
823 1634 840 1660 ‚
885 1607 1084 1647 vocato
1111 1586 1303 1650 senatu
1332 1610 1355 1664 ,·

0 1697 16 1754 j
70 1676 327 1735 oratione
374 1674 521 1733 inter
572 1691 751 1755 patres
802 1670 993 1730 habita
1025 1718 1041 1743 ‚
1101 1672 1353 1733 edietum

74 1757 224 1842 apud
243 1755 514 1840 populum
535 1804 552 1828 ,
577 1765 634 1816 δε
647 1753 848 1813 collata
859 1755 919 1813 in
935 1754 1106 1814 libros
1124 1756 1352 1829 indicia,

0 1867 18 1924 ,ᾖ
74 1839 549 1921 confessionesque
612 1839 1013 1898 damnatorum
1082 1839 1351 1921 adjunxit.

75 1926 303 1986 Etenim
327 1924 525 1984 crebro
547 1922 701 2006 vulgi
726 1944 951 1982 rumore
977 1921 1321 1984 lacerabatur
1336 1972 1355 1998 ,

86 2030 431 2091 «tamquam
458 2009 601 2068 viros
626 2004 870 2066 insontes
895 2054 912 2079 ‚
941 2006 1016 2066 ob
1043 2007 1318 2068 invidiam
1338 2056 1357 2082 ‚

77 2114 218 2154 --aut
271 2114 494 2154 metum
527 2138 544 2164 ‚
602 2088 934 2152 exstinxiffet
952 2121 1011 2151 υ.
1080 2092 1359 2153 Ceterum

81 2199 323 2262 coeptam
343 2224 361 2250 ‚
384 2175 782 2258 adultamque,
810 2182 869 2235 δε
894 2176 1161 2236 ιτενὶἃειῐη
1182 2225 1199 2250 ,
1226 2201 1361 2236 con-

23 2319 26 2336 ,
102 2263 420 2328 urationem
436 2283 619 2342 neque
636 2282 769 2320 tunc
791 2258 1140 2333 dubitavere,
1157 2261 1361 2342 quibus

20 2404 24 2425 2
89 2395 92 2410 ,
121 2369 281 2408 erum
310 2344 578 2405 noscendi
613 2367 742 2404 cura
779 2365 896 2403 erat
919 2392 937 2417 ,
981 2353 1040 2405 ὃς
1073 2343 1362 2417 fatentur,

32 2502 36 2515 ι
97 2431 185 2503 ·ui
234 2431 353 2511 post
402 2429 696 2490 interitum
741 2429 982 2488 Neronis
1027 2429 1088 2488 in
1135 2429 1360 2489 Urbem

32 2571 34 2575 ,
88 2547 91 2566 1
116 2513 307 2597 egreffi
323 2512 464 2574 sunt.
501 2513 581 2573 At
603 2514 662 2572 in
683 2511 876 2572 senatu
898 2514 1108 2573 cunetis
1126 2560 1143 2585 ,
1167 2533 1228 2571 ut
1249 2512 1362 2570 cui-

32 2636 39 2648 ι
101 2619 200 2659 ue
235 2592 544 2681 plurimum
576 2597 856 2672 maeroris,
892 2599 954 2658 in
977 2596 1359 2672 adulationem
