<?xml version="1.0" encoding="UTF-8"?>
<!DOCTYPE html PUBLIC "-//W3C//DTD XHTML 1.0 Transitional//EN"
    "http://www.w3.org/TR/xhtml1/DTD/xhtml1-transitional.dtd">
<html xmlns="http://www.w3.org/1999/xhtml" xml:lang="en" lang="en">
 <head>
  <title>
</title>
<meta http-equiv="Content-Type" content="text/html;charset=utf-8" />
  <meta name='ocr-system' content='tesseract 3.04.00' />
  <meta name='ocr-capabilities' content='ocr_page ocr_carea ocr_par ocr_line ocrx_word'/>
</head>
<body>
  <div class='ocr_page' id='page_1' title='image "./ccorneliitacitio03taci_0313.png"; bbox 0 0 1659 2917; ppageno 0'>
   <div class='ocr_carea' id='block_1_1' title="bbox 247 167 1348 247">
    <p class='ocr_par' dir='ltr' id='par_1_1' title="bbox 247 167 1348 247">
     <span class='ocr_line' id='line_1_1' title="bbox 247 167 1348 247; baseline -0.005 -13"><span class='ocrx_word' id='word_1_1' title='bbox 247 189 718 234; x_wconf 67' lang='lat' dir='ltr'>&#39;ANNALHJM</span> <span class='ocrx_word' id='word_1_2' title='bbox 762 169 928 230; x_wconf 80' lang='lat' dir='ltr'><strong>L113.</strong></span> <span class='ocrx_word' id='word_1_3' title='bbox 968 167 1132 232; x_wconf 86' lang='lat' dir='ltr'>XVI.</span> <span class='ocrx_word' id='word_1_4' title='bbox 1229 168 1348 247; x_wconf 59' lang='lat'>303</span> 
     </span>
    </p>
   </div>
   <div class='ocr_carea' id='block_1_2' title="bbox 33 265 1582 2622">
    <p class='ocr_par' dir='ltr' id='par_1_2' title="bbox 72 265 1350 438">
     <span class='ocr_line' id='line_1_2' title="bbox 72 265 1348 353; baseline -0.005 -20"><span class='ocrx_word' id='word_1_5' title='bbox 72 265 274 333; x_wconf 83' lang='lat' dir='ltr'>solatus</span> <span class='ocrx_word' id='word_1_6' title='bbox 303 275 378 332; x_wconf 89' lang='lat' dir='ltr'>est</span> <span class='ocrx_word' id='word_1_7' title='bbox 399 271 659 353; x_wconf 80' lang='lat' dir='ltr'>Princeps</span> <span class='ocrx_word' id='word_1_8' title='bbox 684 317 701 342; x_wconf 85' lang='lat'>‚</span> <span class='ocrx_word' id='word_1_9' title='bbox 732 291 793 328; x_wconf 89' lang='lat' dir='ltr'>ut</span> <span class='ocrx_word' id='word_1_10' title='bbox 820 269 1012 329; x_wconf 75' lang='lat' dir='ltr'>amissa</span> <span class='ocrx_word' id='word_1_11' title='bbox 1037 269 1161 328; x_wconf 91' lang='lat' dir='ltr'>urbi</span> <span class='ocrx_word' id='word_1_12' title='bbox 1188 292 1348 350; x_wconf 84' lang='lat' dir='ltr'>repo-</span> 
     </span>
     <span class='ocr_line' id='line_1_3' title="bbox 72 351 1350 438; baseline -0.003 -21"><span class='ocrx_word' id='word_1_13' title='bbox 72 376 272 417; x_wconf 83' lang='lat' dir='ltr'><strong>nerent</strong></span> <span class='ocrx_word' id='word_1_14' title='bbox 306 381 319 414; x_wconf 85' lang='lat'>:</span> <span class='ocrx_word' id='word_1_15' title='bbox 376 378 549 438; x_wconf 85' lang='lat' dir='ltr'>quam</span> <span class='ocrx_word' id='word_1_16' title='bbox 600 354 899 436; x_wconf 85' lang='lat' dir='ltr'>pecuniam</span> <span class='ocrx_word' id='word_1_17' title='bbox 949 351 1350 435; x_wconf 82' lang='lat' dir='ltr'><strong>Lugdunenses</strong></span> 
     </span>
    </p>

    <p class='ocr_par' dir='ltr' id='par_1_3' title="bbox 33 436 1582 1697">
     <span class='ocr_line' id='line_1_4' title="bbox 71 436 1090 502; baseline -0.006 0"><span class='ocrx_word' id='word_1_18' title='bbox 71 441 202 502; x_wconf 74' lang='lat' dir='ltr'>ante</span> <span class='ocrx_word' id='word_1_19' title='bbox 241 440 562 500; x_wconf 85' lang='lat' dir='ltr'>obtulerant</span> <span class='ocrx_word' id='word_1_20' title='bbox 594 437 832 497; x_wconf 84' lang='lat' dir='ltr'>turbidis</span> <span class='ocrx_word' id='word_1_21' title='bbox 865 436 1090 496; x_wconf 70' lang='lat' dir='ltr'>casibm.</span> 
     </span>
     <span class='ocr_line' id='line_1_5' title="bbox 33 519 1582 594; baseline -0.003 -11"><span class='ocrx_word' id='word_1_22' title='bbox 33 532 40 549; x_wconf 67' lang='lat'>³</span> <span class='ocrx_word' id='word_1_23' title='bbox 162 525 326 585; x_wconf 85' lang='lat' dir='ltr'><strong>XIV.</strong></span> <span class='ocrx_word' id='word_1_24' title='bbox 361 526 430 583; x_wconf 90' lang='lat' dir='ltr'>C.</span> <span class='ocrx_word' id='word_1_25' title='bbox 460 526 759 582; x_wconf 69' lang='lat' dir='ltr'>Sumomo</span> <span class='ocrx_word' id='word_1_26' title='bbox 781 568 797 594; x_wconf 84' lang='lat'>‚</span> <span class='ocrx_word' id='word_1_27' title='bbox 832 524 897 581; x_wconf 91' lang='lat' dir='ltr'>L.</span> <span class='ocrx_word' id='word_1_28' title='bbox 917 519 1184 580; x_wconf 89' lang='lat' dir='ltr'>Telesino</span> <span class='ocrx_word' id='word_1_29' title='bbox 1214 543 1352 579; x_wconf 89' lang='lat' dir='ltr'>con-</span> <span class='ocrx_word' id='word_1_30' title='bbox 1378 542 1582 569; x_wconf 71' lang='lat'>=====</span> 
     </span>
     <span class='ocr_line' id='line_1_6' title="bbox 72 601 1572 680; baseline -0.001 -15"><span class='ocrx_word' id='word_1_31' title='bbox 72 604 281 667; x_wconf 79' lang='lat' dir='ltr'>sulibus</span> <span class='ocrx_word' id='word_1_32' title='bbox 303 657 320 680; x_wconf 89' lang='lat'>‚</span> <span class='ocrx_word' id='word_1_33' title='bbox 366 607 649 667; x_wconf 74' lang='lat' dir='ltr'>Antistius</span> <span class='ocrx_word' id='word_1_34' title='bbox 668 605 917 665; x_wconf 82' lang='lat' dir='ltr'>Sosianus</span> <span class='ocrx_word' id='word_1_35' title='bbox 943 653 960 677; x_wconf 89' lang='lat'>‚</span> <span class='ocrx_word' id='word_1_36' title='bbox 1001 602 1261 664; x_wconf 66' lang='lat' dir='ltr'>factitatis</span> <span class='ocrx_word' id='word_1_37' title='bbox 1294 607 1353 663; x_wconf 88' lang='lat' dir='ltr'>in</span> <span class='ocrx_word' id='word_1_38' title='bbox 1378 602 1427 642; x_wconf 80' lang='grc' dir='ltr'>Α·</span> <span class='ocrx_word' id='word_1_39' title='bbox 1448 604 1498 641; x_wconf 78' lang='lat' dir='ltr'>U·</span> <span class='ocrx_word' id='word_1_40' title='bbox 1517 601 1572 644; x_wconf 78' lang='lat' dir='ltr'>C&#39;.</span> 
     </span>
     <span class='ocr_line' id='line_1_7' title="bbox 76 680 1533 773; baseline -0.002 -23"><span class='ocrx_word' id='word_1_41' title='bbox 76 692 371 750; x_wconf 82' lang='lat' dir='ltr'><strong>Neronem</strong></span> <span class='ocrx_word' id='word_1_42' title='bbox 406 690 746 750; x_wconf 76' lang='lat' dir='ltr'>carminibus</span> <span class='ocrx_word' id='word_1_43' title='bbox 776 688 1049 773; x_wconf 83' lang='lat' dir='ltr'>probrosis</span> <span class='ocrx_word' id='word_1_44' title='bbox 1073 738 1089 762; x_wconf 84' lang='lat'>‚</span> <span class='ocrx_word' id='word_1_45' title='bbox 1128 688 1313 747; x_wconf 82' lang='lat' dir='ltr'>exsilio</span> <span class='ocrx_word' id='word_1_46' title='bbox 1336 737 1353 761; x_wconf 84' lang='lat'>,</span> <span class='ocrx_word' id='word_1_47' title='bbox 1424 680 1533 724; x_wconf 78' lang='lat'><strong>8¹9·</strong></span> 
     </span>
     <span class='ocr_line' id='line_1_8' title="bbox 75 758 1545 858; baseline -0.001 -25"><span class='ocrx_word' id='word_1_48' title='bbox 75 795 140 833; x_wconf 88' lang='lat' dir='ltr'>ut</span> <span class='ocrx_word' id='word_1_49' title='bbox 167 774 321 847; x_wconf 83' lang='lat' dir='ltr'>dixi,</span> <span class='ocrx_word' id='word_1_50' title='bbox 362 774 628 833; x_wconf 81' lang='lat' dir='ltr'>multatus</span> <span class='ocrx_word' id='word_1_51' title='bbox 653 821 670 845; x_wconf 87' lang='lat'>‚</span> <span class='ocrx_word' id='word_1_52' title='bbox 712 776 1006 858; x_wconf 84' lang='lat' dir='ltr'>postquam</span> <span class='ocrx_word' id='word_1_53' title='bbox 1034 774 1095 832; x_wconf 85' lang='lat' dir='ltr'>id</span> <span class='ocrx_word' id='word_1_54' title='bbox 1126 773 1355 832; x_wconf 87' lang='lat' dir='ltr'>honoris</span> <span class='ocrx_word' id='word_1_55' title='bbox 1423 761 1460 800; x_wconf 70' lang='lat' dir='ltr'>J·</span> <span class='ocrx_word' id='word_1_56' title='bbox 1491 758 1545 799; x_wconf 84' lang='lat' dir='ltr'>C.</span> 
     </span>
     <span class='ocr_line' id='line_1_9' title="bbox 75 837 1528 943; baseline 0 -26"><span class='ocrx_word' id='word_1_57' title='bbox 75 858 360 917; x_wconf 83' lang='lat' dir='ltr'>indicibus</span> <span class='ocrx_word' id='word_1_58' title='bbox 384 906 399 930; x_wconf 91' lang='lat'>‚</span> <span class='ocrx_word' id='word_1_59' title='bbox 446 879 678 939; x_wconf 88' lang='lat' dir='ltr'>tamque</span> <span class='ocrx_word' id='word_1_60' title='bbox 714 881 1043 943; x_wconf 87' lang='lat' dir='ltr'>promptum</span> <span class='ocrx_word' id='word_1_61' title='bbox 1075 858 1147 916; x_wconf 86' lang='lat' dir='ltr'>ad</span> <span class='ocrx_word' id='word_1_62' title='bbox 1184 858 1359 917; x_wconf 84' lang='lat' dir='ltr'>caedes</span> <span class='ocrx_word' id='word_1_63' title='bbox 1439 837 1528 889; x_wconf 44' lang='grc' dir='ltr'>ὅθ’</span> 
     </span>
     <span class='ocr_line' id='line_1_10' title="bbox 78 942 1362 1026; baseline 0 -24"><span class='ocrx_word' id='word_1_64' title='bbox 78 943 399 1026; x_wconf 83' lang='lat' dir='ltr'>Principem</span> <span class='ocrx_word' id='word_1_65' title='bbox 443 942 658 1024; x_wconf 87' lang='lat' dir='ltr'>accepit</span> <span class='ocrx_word' id='word_1_66' title='bbox 688 990 705 1015; x_wconf 86' lang='lat'>‚</span> <span class='ocrx_word' id='word_1_67' title='bbox 751 943 970 1023; x_wconf 86' lang='lat' dir='ltr'>inquies</span> <span class='ocrx_word' id='word_1_68' title='bbox 1022 942 1212 1000; x_wconf 86' lang='lat' dir='ltr'>animo</span> <span class='ocrx_word' id='word_1_69' title='bbox 1239 990 1255 1015; x_wconf 85' lang='lat'>‚</span> <span class='ocrx_word' id='word_1_70' title='bbox 1302 950 1362 1002; x_wconf 71' lang='grc' dir='ltr'>δε</span> 
     </span>
     <span class='ocr_line' id='line_1_11' title="bbox 78 1025 1367 1109; baseline -0.002 -24"><span class='ocrx_word' id='word_1_71' title='bbox 78 1025 439 1085; x_wconf 75' lang='lat' dir='ltr'>occasionum</span> <span class='ocrx_word' id='word_1_72' title='bbox 481 1026 632 1085; x_wconf 85' lang='lat' dir='ltr'>haud</span> <span class='ocrx_word' id='word_1_73' title='bbox 684 1025 863 1109; x_wconf 83' lang='lat' dir='ltr'>segnis</span> <span class='ocrx_word' id='word_1_74' title='bbox 888 1075 904 1099; x_wconf 83' lang='lat'>‚</span> <span class='ocrx_word' id='word_1_75' title='bbox 948 1031 1367 1101; x_wconf 77' lang='lat' dir='ltr'>Pammenem,</span> 
     </span>
     <span class='ocr_line' id='line_1_12' title="bbox 80 1109 1364 1194; baseline 0 -24"><span class='ocrx_word' id='word_1_76' title='bbox 80 1109 334 1194; x_wconf 89' lang='lat' dir='ltr'>ejusdem</span> <span class='ocrx_word' id='word_1_77' title='bbox 379 1110 488 1168; x_wconf 89' lang='lat' dir='ltr'>loci</span> <span class='ocrx_word' id='word_1_78' title='bbox 535 1109 778 1169; x_wconf 85' lang='lat' dir='ltr'>exsulem</span> <span class='ocrx_word' id='word_1_79' title='bbox 802 1158 818 1182; x_wconf 83' lang='lat'>‚</span> <span class='ocrx_word' id='word_1_80' title='bbox 863 1120 920 1170; x_wconf 71' lang='grc' dir='ltr'>δε</span> <span class='ocrx_word' id='word_1_81' title='bbox 961 1110 1364 1170; x_wconf 78' lang='lat' dir='ltr'>Chaldaeorum</span> 
     </span>
     <span class='ocr_line' id='line_1_13' title="bbox 79 1192 1364 1276; baseline -0.001 -22"><span class='ocrx_word' id='word_1_82' title='bbox 79 1216 198 1254; x_wconf 87' lang='lat' dir='ltr'>arte</span> <span class='ocrx_word' id='word_1_83' title='bbox 221 1192 500 1254; x_wconf 87' lang='lat' dir='ltr'>famosum</span> <span class='ocrx_word' id='word_1_84' title='bbox 522 1242 537 1266; x_wconf 86' lang='lat'>,</span> <span class='ocrx_word' id='word_1_85' title='bbox 561 1195 740 1276; x_wconf 79' lang='lat' dir='ltr'>eoque</span> <span class='ocrx_word' id='word_1_86' title='bbox 764 1193 1076 1252; x_wconf 82' lang='lat' dir='ltr'>multorum</span> <span class='ocrx_word' id='word_1_87' title='bbox 1102 1195 1364 1254; x_wconf 84' lang='lat' dir='ltr'>amicitiis</span> 
     </span>
     <span class='ocr_line' id='line_1_14' title="bbox 79 1275 1368 1351; baseline 0.001 -15"><span class='ocrx_word' id='word_1_88' title='bbox 79 1278 353 1338; x_wconf 87' lang='lat' dir='ltr'>innexum</span> <span class='ocrx_word' id='word_1_89' title='bbox 378 1326 394 1351; x_wconf 91' lang='lat'>,</span> <span class='ocrx_word' id='word_1_90' title='bbox 440 1277 807 1337; x_wconf 76' lang='lat' dir='ltr'>similitudine</span> <span class='ocrx_word' id='word_1_91' title='bbox 840 1275 1074 1336; x_wconf 82' lang='lat' dir='ltr'>fortunae</span> <span class='ocrx_word' id='word_1_92' title='bbox 1100 1277 1199 1336; x_wconf 79' lang='lat' dir='ltr'>fibi</span> <span class='ocrx_word' id='word_1_93' title='bbox 1227 1301 1368 1337; x_wconf 87' lang='lat' dir='ltr'>con-</span> 
     </span>
     <span class='ocr_line' id='line_1_15' title="bbox 81 1361 1370 1433; baseline 0.001 -14"><span class='ocrx_word' id='word_1_94' title='bbox 81 1361 250 1422; x_wconf 87' lang='lat' dir='ltr'>ciliat.</span> <span class='ocrx_word' id='word_1_95' title='bbox 278 1363 574 1423; x_wconf 86' lang='lat' dir='ltr'>Ventitare</span> <span class='ocrx_word' id='word_1_96' title='bbox 601 1361 672 1420; x_wconf 91' lang='lat' dir='ltr'>ad</span> <span class='ocrx_word' id='word_1_97' title='bbox 698 1385 830 1421; x_wconf 83' lang='lat' dir='ltr'>eum</span> <span class='ocrx_word' id='word_1_98' title='bbox 851 1362 1078 1420; x_wconf 89' lang='lat' dir='ltr'>nuntios</span> <span class='ocrx_word' id='word_1_99' title='bbox 1098 1409 1115 1433; x_wconf 85' lang='grc'>,</span> <span class='ocrx_word' id='word_1_100' title='bbox 1145 1370 1204 1421; x_wconf 88' lang='lat'>&amp;</span> <span class='ocrx_word' id='word_1_101' title='bbox 1228 1385 1370 1421; x_wconf 87' lang='lat' dir='ltr'>con-</span> 
     </span>
     <span class='ocr_line' id='line_1_16' title="bbox 43 1440 1371 1517; baseline 0.001 -13"><span class='ocrx_word' id='word_1_102' title='bbox 43 1440 59 1449; x_wconf 58' lang='grc'><em>’</em></span> <span class='ocrx_word' id='word_1_103' title='bbox 79 1443 404 1505; x_wconf 85' lang='lat' dir='ltr'>sultationes</span> <span class='ocrx_word' id='word_1_104' title='bbox 418 1468 534 1504; x_wconf 89' lang='lat' dir='ltr'>non</span> <span class='ocrx_word' id='word_1_105' title='bbox 548 1442 743 1504; x_wconf 82' lang='lat' dir='ltr'>frustra</span> <span class='ocrx_word' id='word_1_106' title='bbox 758 1466 927 1517; x_wconf 82' lang='lat' dir='ltr'>ratuS‚</span> <span class='ocrx_word' id='word_1_107' title='bbox 942 1445 1105 1504; x_wconf 88' lang='lat' dir='ltr'>simul</span> <span class='ocrx_word' id='word_1_108' title='bbox 1118 1469 1371 1505; x_wconf 80' lang='lat' dir='ltr'>annuam.</span> 
     </span>
     <span class='ocr_line' id='line_1_17' title="bbox 80 1529 1374 1613; baseline 0.001 -24"><span class='ocrx_word' id='word_1_109' title='bbox 80 1530 381 1613; x_wconf 87' lang='lat' dir='ltr'>pecuniam</span> <span class='ocrx_word' id='word_1_110' title='bbox 399 1554 430 1588; x_wconf 85' lang='lat' dir='ltr'>a</span> <span class='ocrx_word' id='word_1_111' title='bbox 444 1529 719 1589; x_wconf 86' lang='lat' dir='ltr'>P.Anteio</span> <span class='ocrx_word' id='word_1_112' title='bbox 741 1530 1040 1589; x_wconf 86' lang='lat' dir='ltr'>ministrari</span> <span class='ocrx_word' id='word_1_113' title='bbox 1063 1529 1374 1613; x_wconf 80' lang='lat' dir='ltr'>cognoscit.</span> 
     </span>
     <span class='ocr_line' id='line_1_18' title="bbox 80 1612 1371 1697; baseline 0 -24"><span class='ocrx_word' id='word_1_114' title='bbox 80 1614 284 1697; x_wconf 88' lang='lat' dir='ltr'>Neque</span> <span class='ocrx_word' id='word_1_115' title='bbox 313 1612 563 1672; x_wconf 90' lang='lat' dir='ltr'>nescium</span> <span class='ocrx_word' id='word_1_116' title='bbox 588 1613 831 1672; x_wconf 85' lang='lat' dir='ltr'>habebat</span> <span class='ocrx_word' id='word_1_117' title='bbox 855 1661 872 1685; x_wconf 89' lang='lat'>‚</span> <span class='ocrx_word' id='word_1_118' title='bbox 912 1614 1190 1673; x_wconf 88' lang='lat' dir='ltr'>Anteium</span> <span class='ocrx_word' id='word_1_119' title='bbox 1227 1615 1371 1673; x_wconf 84' lang='lat' dir='ltr'>cari-</span> 
     </span>
    </p>

    <p class='ocr_par' dir='ltr' id='par_1_4' title="bbox 83 1694 1375 1780">
     <span class='ocr_line' id='line_1_19' title="bbox 83 1694 1375 1780; baseline 0 -22"><span class='ocrx_word' id='word_1_120' title='bbox 83 1718 199 1758; x_wconf 87' lang='lat' dir='ltr'>tate</span> <span class='ocrx_word' id='word_1_121' title='bbox 226 1697 549 1780; x_wconf 72' lang='lat' dir='ltr'>Agrippinae</span> <span class='ocrx_word' id='word_1_122' title='bbox 571 1694 812 1754; x_wconf 86' lang='lat' dir='ltr'>invisum</span> <span class='ocrx_word' id='word_1_123' title='bbox 838 1697 1087 1768; x_wconf 89' lang='lat' dir='ltr'>Neroni,</span> <span class='ocrx_word' id='word_1_124' title='bbox 1123 1695 1375 1779; x_wconf 79' lang='lat' dir='ltr'>opesque</span> 
     </span>
    </p>

    <p class='ocr_par' dir='ltr' id='par_1_5' title="bbox 46 1779 1385 2367">
     <span class='ocr_line' id='line_1_20' title="bbox 85 1779 1375 1865; baseline 0 -25"><span class='ocrx_word' id='word_1_125' title='bbox 85 1788 136 1863; x_wconf 59' lang='lat' dir='ltr'>ej</span> <span class='ocrx_word' id='word_1_126' title='bbox 146 1805 204 1840; x_wconf 87' lang='lat' dir='ltr'>us</span> <span class='ocrx_word' id='word_1_127' title='bbox 230 1781 522 1865; x_wconf 70' lang='lat' dir='ltr'>praecipuas</span> <span class='ocrx_word' id='word_1_128' title='bbox 543 1779 615 1838; x_wconf 90' lang='lat' dir='ltr'>ad</span> <span class='ocrx_word' id='word_1_129' title='bbox 639 1779 979 1839; x_wconf 82' lang='lat' dir='ltr'>eliciendam</span> <span class='ocrx_word' id='word_1_130' title='bbox 1006 1781 1332 1862; x_wconf 88' lang='lat' dir='ltr'>cupidinem</span> <span class='ocrx_word' id='word_1_131' title='bbox 1350 1828 1375 1855; x_wconf 86' lang='lat'>‚</span> 
     </span>
     <span class='ocr_line' id='line_1_21' title="bbox 85 1862 1381 1947; baseline -0.001 -23"><span class='ocrx_word' id='word_1_132' title='bbox 85 1887 328 1947; x_wconf 86' lang='lat' dir='ltr'>eamque</span> <span class='ocrx_word' id='word_1_133' title='bbox 361 1862 578 1922; x_wconf 86' lang='lat' dir='ltr'>causam</span> <span class='ocrx_word' id='word_1_134' title='bbox 601 1863 793 1922; x_wconf 89' lang='lat' dir='ltr'>multis</span> <span class='ocrx_word' id='word_1_135' title='bbox 821 1864 991 1923; x_wconf 87' lang='lat' dir='ltr'>exitio</span> <span class='ocrx_word' id='word_1_136' title='bbox 1020 1862 1145 1923; x_wconf 83' lang='lat' dir='ltr'>effe.</span> <span class='ocrx_word' id='word_1_137' title='bbox 1191 1866 1381 1946; x_wconf 79' lang='lat' dir='ltr'>Igitur</span> 
     </span>
     <span class='ocr_line' id='line_1_22' title="bbox 71 1945 1374 2028; baseline 0.002 -22"><span class='ocrx_word' id='word_1_138' title='bbox 71 1948 408 2028; x_wconf 76' lang='lat' dir='ltr'>‘interceptis</span> <span class='ocrx_word' id='word_1_139' title='bbox 450 1947 646 2006; x_wconf 85' lang='lat' dir='ltr'>Anteii</span> <span class='ocrx_word' id='word_1_140' title='bbox 690 1947 902 2020; x_wconf 76' lang='lat' dir='ltr'>literi3‚</span> <span class='ocrx_word' id='word_1_141' title='bbox 951 1945 1161 2007; x_wconf 87' lang='lat' dir='ltr'>furatus</span> <span class='ocrx_word' id='word_1_142' title='bbox 1196 1950 1374 2009; x_wconf 88' lang='lat' dir='ltr'>etiam</span> 
     </span>
     <span class='ocr_line' id='line_1_23' title="bbox 87 2030 1376 2115; baseline 0.002 -23"><span class='ocrx_word' id='word_1_143' title='bbox 87 2031 310 2092; x_wconf 85' lang='lat' dir='ltr'>libellos</span> <span class='ocrx_word' id='word_1_144' title='bbox 342 2078 360 2104; x_wconf 87' lang='lat'>‚</span> <span class='ocrx_word' id='word_1_145' title='bbox 407 2031 608 2113; x_wconf 88' lang='lat' dir='ltr'>quibus</span> <span class='ocrx_word' id='word_1_146' title='bbox 652 2030 770 2091; x_wconf 89' lang='lat' dir='ltr'>dies</span> <span class='ocrx_word' id='word_1_147' title='bbox 811 2031 1067 2115; x_wconf 87' lang='lat' dir='ltr'>genitalis</span> <span class='ocrx_word' id='word_1_148' title='bbox 1109 2039 1224 2114; x_wconf 87' lang='lat' dir='ltr'>ejus</span> <span class='ocrx_word' id='word_1_149' title='bbox 1250 2081 1267 2106; x_wconf 83' lang='lat'>‚</span> <span class='ocrx_word' id='word_1_150' title='bbox 1313 2041 1376 2094; x_wconf 84' lang='lat'>&amp;</span> 
     </span>
     <span class='ocr_line' id='line_1_24' title="bbox 68 2114 1378 2188; baseline 0.001 -12"><span class='ocrx_word' id='word_1_151' title='bbox 68 2132 77 2139; x_wconf 76' lang='grc'>“·</span> <span class='ocrx_word' id='word_1_152' title='bbox 90 2137 357 2177; x_wconf 84' lang='lat' dir='ltr'>eventura</span> <span class='ocrx_word' id='word_1_153' title='bbox 374 2162 390 2188; x_wconf 92' lang='lat'>‚</span> <span class='ocrx_word' id='word_1_154' title='bbox 432 2114 651 2176; x_wconf 84' lang='lat' dir='ltr'>secretis</span> <span class='ocrx_word' id='word_1_155' title='bbox 674 2117 995 2176; x_wconf 85' lang='lat' dir='ltr'>Pammenis</span> <span class='ocrx_word' id='word_1_156' title='bbox 1017 2115 1378 2177; x_wconf 85' lang='lat' dir='ltr'>occultaban-</span> 
     </span>
     <span class='ocr_line' id='line_1_25' title="bbox 46 2198 1375 2283; baseline 0 -23"><span class='ocrx_word' id='word_1_157' title='bbox 46 2227 51 2235; x_wconf 67' lang='lat'><em>-</em></span> <span class='ocrx_word' id='word_1_158' title='bbox 76 2220 181 2260; x_wconf 45' lang='lat' dir='ltr'>*tur</span> <span class='ocrx_word' id='word_1_159' title='bbox 205 2249 221 2274; x_wconf 88' lang='lat'>‚</span> <span class='ocrx_word' id='word_1_160' title='bbox 262 2198 422 2257; x_wconf 85' lang='lat' dir='ltr'>simul</span> <span class='ocrx_word' id='word_1_161' title='bbox 458 2199 690 2283; x_wconf 88' lang='lat' dir='ltr'>repertis</span> <span class='ocrx_word' id='word_1_162' title='bbox 708 2249 723 2273; x_wconf 82' lang='grc'>,</span> <span class='ocrx_word' id='word_1_163' title='bbox 757 2222 876 2281; x_wconf 83' lang='lat' dir='ltr'>quae</span> <span class='ocrx_word' id='word_1_164' title='bbox 897 2200 969 2261; x_wconf 91' lang='lat' dir='ltr'>de</span> <span class='ocrx_word' id='word_1_165' title='bbox 996 2222 1125 2260; x_wconf 89' lang='lat' dir='ltr'>ortu</span> <span class='ocrx_word' id='word_1_166' title='bbox 1144 2201 1375 2283; x_wconf 60' lang='lat' dir='ltr'>vitaque</span> 
     </span>
     <span class='ocr_line' id='line_1_26' title="bbox 52 2283 1385 2367; baseline -0.002 -22"><span class='ocrx_word' id='word_1_167' title='bbox 52 2285 306 2345; x_wconf 56' lang='lat' dir='ltr'>*Ostorii</span> <span class='ocrx_word' id='word_1_168' title='bbox 340 2285 579 2367; x_wconf 86' lang='lat' dir='ltr'>Scapulae</span> <span class='ocrx_word' id='word_1_169' title='bbox 617 2283 923 2367; x_wconf 86' lang='lat' dir='ltr'>composita</span> <span class='ocrx_word' id='word_1_170' title='bbox 956 2305 1111 2346; x_wconf 85' lang='lat' dir='ltr'>etant</span> <span class='ocrx_word' id='word_1_171' title='bbox 1132 2333 1151 2358; x_wconf 83' lang='lat'><em>‚</em></span> <span class='ocrx_word' id='word_1_172' title='bbox 1184 2285 1385 2344; x_wconf 83' lang='lat' dir='ltr'>scribit·</span> 
     </span>
    </p>

    <p class='ocr_par' dir='ltr' id='par_1_6' title="bbox 78 2367 1375 2533">
     <span class='ocr_line' id='line_1_27' title="bbox 93 2367 1375 2452; baseline -0.001 -24"><span class='ocrx_word' id='word_1_173' title='bbox 93 2368 167 2428; x_wconf 85' lang='lat' dir='ltr'>ad</span> <span class='ocrx_word' id='word_1_174' title='bbox 190 2368 510 2451; x_wconf 88' lang='lat' dir='ltr'>Principem</span> <span class='ocrx_word' id='word_1_175' title='bbox 537 2416 553 2441; x_wconf 86' lang='lat'>,</span> <span class='ocrx_word' id='word_1_176' title='bbox 582 2395 614 2420; x_wconf 75' lang='lat' dir='ltr'>oc</span> <span class='ocrx_word' id='word_1_177' title='bbox 631 2391 836 2452; x_wconf 82' lang='lat' dir='ltr'>magna</span> <span class='ocrx_word' id='word_1_178' title='bbox 861 2367 916 2429; x_wconf 92' lang='lat' dir='ltr'>se</span> <span class='ocrx_word' id='word_1_179' title='bbox 937 2415 953 2441; x_wconf 84' lang='lat'>‚</span> <span class='ocrx_word' id='word_1_180' title='bbox 990 2378 1048 2430; x_wconf 88' lang='lat'>&amp;</span> <span class='ocrx_word' id='word_1_181' title='bbox 1074 2392 1193 2450; x_wconf 82' lang='lat' dir='ltr'>quae</span> <span class='ocrx_word' id='word_1_182' title='bbox 1218 2370 1375 2427; x_wconf 86' lang='lat' dir='ltr'>inco-</span> 
     </span>
     <span class='ocr_line' id='line_1_28' title="bbox 78 2451 1373 2533; baseline 0.001 -25"><span class='ocrx_word' id='word_1_183' title='bbox 78 2451 387 2511; x_wconf 74' lang='lat' dir='ltr'>·:nlumitati</span> <span class='ocrx_word' id='word_1_184' title='bbox 420 2459 535 2533; x_wconf 83' lang='lat' dir='ltr'>ejus</span> <span class='ocrx_word' id='word_1_185' title='bbox 574 2452 955 2513; x_wconf 87' lang='lat' dir='ltr'>conducerent</span> <span class='ocrx_word' id='word_1_186' title='bbox 975 2502 992 2526; x_wconf 85' lang='lat'>‚</span> <span class='ocrx_word' id='word_1_187' title='bbox 1036 2451 1373 2524; x_wconf 76' lang='lat' dir='ltr'>allaturum,</span> 
     </span>
    </p>

    <p class='ocr_par' dir='ltr' id='par_1_7' title="bbox 94 2533 1379 2622">
     <span class='ocr_line' id='line_1_29' title="bbox 94 2533 1379 2622; baseline 0.002 -33"><span class='ocrx_word' id='word_1_188' title='bbox 94 2534 182 2593; x_wconf 69' lang='lat' dir='ltr'>:osi</span> <span class='ocrx_word' id='word_1_189' title='bbox 207 2536 437 2596; x_wconf 90' lang='lat' dir='ltr'>brevem</span> <span class='ocrx_word' id='word_1_190' title='bbox 472 2535 643 2596; x_wconf 84' lang='lat' dir='ltr'>exsilii</span> <span class='ocrx_word' id='word_1_191' title='bbox 672 2538 898 2596; x_wconf 87' lang='lat' dir='ltr'>veniam</span> <span class='ocrx_word' id='word_1_192' title='bbox 928 2533 1328 2622; x_wconf 67' lang='lat' dir='ltr'>impetravisset</span> <span class='ocrx_word' id='word_1_193' title='bbox 1355 2559 1379 2593; x_wconf 80' lang='lat'>:-</span> 
     </span>
    </p>
   </div>
   <div class='ocr_carea' id='block_1_3' title="bbox 96 2618 1375 2703">
    <p class='ocr_par' dir='ltr' id='par_1_8' title="bbox 96 2618 1375 2703">
     <span class='ocr_line' id='line_1_30' title="bbox 96 2618 1375 2703; baseline -0.006 -18"><span class='ocrx_word' id='word_1_194' title='bbox 96 2647 133 2685; x_wconf 60' lang='grc' dir='ltr'>,ω</span> <span class='ocrx_word' id='word_1_195' title='bbox 144 2620 347 2703; x_wconf 87' lang='lat' dir='ltr'>quippe</span> <span class='ocrx_word' id='word_1_196' title='bbox 370 2618 645 2683; x_wconf 85' lang='lat' dir='ltr'>Anteium</span> <span class='ocrx_word' id='word_1_197' title='bbox 676 2629 734 2684; x_wconf 70' lang='grc' dir='ltr'>δε</span> <span class='ocrx_word' id='word_1_198' title='bbox 749 2622 1052 2687; x_wconf 79' lang='lat' dir='ltr'>Ostorium</span> <span class='ocrx_word' id='word_1_199' title='bbox 1067 2618 1375 2693; x_wconf 82' lang='lat' dir='ltr'>imminere</span> 
     </span>
    </p>
   </div>
   <div class='ocr_carea' id='block_1_4' title="bbox 1380 571 1571 579">
    <p class='ocr_par' dir='ltr' id='par_1_9' title="bbox 1380 571 1571 579">
     <span class='ocr_line' id='line_1_31' title="bbox 1380 571 1571 579; baseline 0 2338"><span class='ocrx_word' id='word_1_200' title='bbox 1380 571 1571 579; x_wconf 95' lang='lat' dir='ltr'> </span> 
     </span>
    </p>
   </div>
  </div>
 </body>
</html>
