1637 2917
207 127 325 199 428
413 125 479 182 IN
523 125 774 185 Lunum
823 148 1384 189 TERTmMm-:chUM

216 224 441 341 puaginta
469 225 614 272 millia
645 225 852 291 paffuum
887 226 943 274 ab
977 228 1240 276 continente
1279 227 1494 287 distaret3

239 291 323 338 olis
354 306 505 338 tamen
533 291 685 340 insulis
706 292 780 342 Co
795 331 806 353 ‚
831 292 1000 341 Rhodo
1015 332 1027 353 ,
1049 294 1257 342 Sardinia
1277 301 1319 340 ὃ(
1338 291 1494 340 Lesbo

219 359 456 421 exceptis:
495 375 609 405 neve
650 362 750 426 quis
792 377 952 407 eorum
994 356 1085 406 alio
1131 362 1385 422 trajiceret,
1419 371 1496 406 aut

173 484 177 487 Ι
221 423 376 490 plures
394 440 531 472 naves
549 463 561 484 ,
590 428 729 492 quam
752 444 890 473 unam
913 427 1171 473 onerariam
1191 464 1203 486 ‚
1237 425 1363 473 mille
1392 441 1498 471 am-

226 490 399 555 phoras
419 493 679 555 capientem
695 531 708 552 ‚
728 499 768 539 3<
793 492 901 540 duas
931 493 1152 539 actuarias
1175 532 1185 545 ,,
1212 509 1327 539 neve
1347 489 1499 538 servos
1556 520 1560 523 -

226 572 305 604 aut
328 555 512 604 libertos
535 555 666 623 super
684 561 874 624 viginti,
904 574 964 605 ne
982 560 1084 623 plus
1110 559 1373 625 quingentis
1393 556 1501 603 mil-

224 623 342 671 libus
371 623 611 671 nummum
636 663 648 684 ‚
689 622 888 673 Godicae
915 640 1102 672 monerae
1141 622 1267 672 libris
1290 629 1465 683 97‚265
1491 658 1506 682 ‚

226 689 485 756 possideret.
535 690 656 741 Vide
697 691 907 739 Dionem
937 689 1087 750 LVI,
1119 707 1233 757 pag.
1270 693 1379 749 587.
1427 687 1506 736 De

232 758 357 804 tanta
376 773 558 806 reorum
589 757 770 805 fortuna
801 759 1004 825 quei-itur
1026 758 1203 806 Seneca
1223 795 1235 816 ‚
1266 751 1510 804 Consolat-

232 822 292 871 ad
332 820 553 869 Helviam
577 862 590 883 ,
629 823 752 887 Cap.
799 842 871 871 12.
931 822 1001 871 Eo
1039 838 1283 884 temporum
1323 819 1509 869 luxuria

229 887 435 951 prolajsa
455 887 513 953 est
531 926 543 948 ‚
579 902 626 935 ut
642 890 793 953 majus
810 888 1028 938 viaticum
1047 887 1316 954 exsulumfic
1331 926 1346 950 ‚
1382 887 1512 951 qudm

237 952 342 1003 olim
372 954 693 1016 patrimonium
722 954 977 1020 principum
994 954 1109 1017 filit.

306 1083 432 1133 CAP.
450 1084 637 1133 XXIII.
662 1084 942 1134 Semonibus
955 1085 1180 1151 famosus.
1207 1087 1416 1135 Seffores
1444 1083 1514 1132 di-

246 1150 495 1211 cebantur,
534 1156 612 1219 qui
650 1151 776 1199 bona
815 1153 1231 1202 condemnatorum
1275 1153 1519 1200 auffiona-

244 1218 408 1266 bantur
440 1256 452 1278 ,
500 1235 754 1285 eorumque
785 1221 933 1283 pretia
970 1221 1043 1268 vel
1079 1222 1237 1268 aerario
1258 1258 1271 1279 ‚
1318 1216 1481 1265 fiscove
1508 1253 1523 1277 ,

243 1283 501 1396 inferseme
522 1323 534 1344 ‚
568 1285 640 1334 vel
662 1286 715 1334 iis
732 1323 744 1346 ,
784 1285 946 1351 quibus
976 1286 1256 1335 debebantur
1276 1284 1484 1350 pecuniae
1507 1318 1525 1344 ‚

248 1367 342 1419 pen
363 1366 422 1396 1ta
457 1367 550 1397 ant.

317 1413 561 1464 Vanitatis
592 1411 868 1478 mfinzfi‘gftm.
909 1414 962 1463 Id
993 1417 1056 1464 est
1077 1454 1089 1476 ,
1122 1415 1351 1464 mendacii
1371 1415 1528 1461 mani-

250 1480 401 1530 festus.
438 1481 514 1528 Sic
550 1480 731 1528 Tullius
752 1517 766 1539 ,
801 1477 1053 1530 Tusc'ulan.
1089 1481 1192 1540 III,
1235 1499 1275 1527 1.
1311 1480 1522 1530 Vanitati

254 1549 418 1598 veritas
459 1547 592 1594 cedit.

318 1611 500 1662 AErarii
532 1609 823 1661 monimenta.
842 1607 1018 1659 Exustae
1036 1609 1136 1660 sunt
1154 1609 1314 1660 tabulae
1335 1648 1348 1670 ,
1401 1610 1530 1658 uibus
1554 1647 1557 1650 -

253 1679 409 1741 Paetus*
451 1695 602 1728 vetera
650 1683 696 1724 &
740 1674 976 1726 obliterata
1015 1677 1165 1726 debita
1207 1693 1371 1726 revoca
1406 1692 1449 1726 at
1485 1681 1542 1724 δι’

257 1745 485 1863 εκὶᾗεῐγεπ.

365 1812 462 1861 ovis
482 1827 537 1859 ac
552 1808 790 1860 ·Minervae
809 1806 947 1860 aedeS.
983 1808 1039 1857 In
1063 1823 1223 1858 monte
1245 1808 1535 1875 Capitolino.

329 1942 455 1992 CAP.
473 1940 642 1991 XXV.
677 1940 770 1990 Ore
793 1942 1047 2005 praeferret.
1078 1941 1204 1989 Tum
1224 1939 1357 1987 Nero
1381 1940 1535 1988 medi-
1602 1971 1637 2005 t<

264 2026 476 2058 camenta
508 2007 750 2056 adhibebat
769 2045 783 2068 ,
816 2026 915 2075 quae
946 2022 1174 2055 memorat
1198 2005 1372 2055 Plinius
1391 2005 1538 2068 XIII,
1602 2017 1612 2075 ᾗ,
1634 2006 1637 2065 ';

268 2095 349 2124 22.

327 2139 386 2189 In
411 2138 589 2188 modum
613 2137 915 2202 captivitatis.
940 2139 995 2186 In
1017 2138 1210 2187 modum
1233 2139 1504 2204 captivitatis
1524 2175 1540 2199 ,

271 2222 474 2274 captaeve
506 2206 625 2253 urbis
646 2244 659 2266 ,
699 2224 795 2253 non
823 2224 907 2271 per
935 2206 1167 2254 licentiam
1191 2206 1424 2272 agebatur.

331 2271 551 2323 Nondum
569 2270 776 2320 honorem
793 2271 1041 2337 capeflfflet.
1083 2270 1206 2320 Sane
1227 2269 1354 2338 quod
1373 2271 1540 2334 junior.

336 2337 478 2387 Italia*
508 2337 795 2400 pellerentur.
833 2337 1091 2386 Histriones
1120 2339 1215 2400 jam
1244 2336 1359 2403 pulfi
1397 2354 1425 2385 a
1454 2334 1546 2386 Ti·-
1587 2393 1590 2396 ⁴

271 2404 401 2456 berio
423 2444 437 2467 ‚
471 2420 518 2453 ut
553 2404 725 2452 dietum
757 2405 820 2453 est
851 2402 984 2471 supra
1012 2405 1186 2453 Annal.
1202 2403 1291 2465 IV,
1323 2420 1397 2462 14.

342 2537 469 2586 CAP.
489 2535 701 2586 XXVII.
736 2534 986 2586 Decurias.
1018 2535 1177 2585 Multae
1202 2549 1330 2585 erant
1359 2532 1552 2581 decuriae
1581 2505 1636 2602 ἐξ

272 2599 552 2668 scribarum,
584 2605 889 2667 cerariorum,
920 2603 1239 2667 librariorum,
1262 2602 1555 2667 aliorumque
1597 2621 1600 2630 ¹
