1637 2917
349 162 821 207 'ANNALxuM
883 145 1159 207 No‘rAE.
1284 152 1407 227 381·

188 240 257 296 Et
285 242 532 306 interfecit.
570 243 668 292 Dio
691 281 704 304 ,
738 241 845 290 ibid.
879 260 989 310 pag.
1015 250 1125 294 686.

159 363 165 368 ,
190 312 473 361 Literarum
527 309 654 358 adia.
694 308 814 372 Quae
838 308 1015 357 Seneca
1037 312 1332 363 commendat
1348 317 1399 365 in

125 378 246 427 libro
264 417 277 440 ,
303 394 442 445 quem
494 394 516 425 e
534 374 851 442 Constilacione
873 374 933 422 acl
955 374 1185 435 Polybium
1208 419 1222 439 ‚
1251 398 1400 431 morte

124 444 323 494 fraterna
359 459 623 492 maerentem
648 482 660 503 ,
698 439 882 506 scripfit.
920 439 1184 492 Homerum
1214 452 1258 492 &
1282 446 1401 496 Vir-

124 513 289 578 gilium
309 508 987 567 commentariisillustraverat,
1005 507 1191 559 fabellas
1210 528 1399 581 quoque

123 575 370 645 scripserat.
409 575 533 626 Vide
554 577 778 624 Senecam
797 612 810 634 ‚
838 575 930 621 loc.
956 575 1030 622 cit.
1067 576 1189 643 Cap.
1215 594 1268 638 25
1296 617 1309 640 ,
1335 585 1397 628 26

78 655 84 658 ”
114 649 171 701 ,ὃς
196 662 273 703 27.
310 645 583 700 Suetonium
612 644 660 690 in
693 638 859 690 Claud.
891 639 1013 706 Cap.
1037 647 1112 690 28.

189 774 315 824 CAP.
349 774 432 822 III.
476 771 632 834 Suprci
665 769 928 821 memoravi.
967 771 1023 820 In
1058 773 1399 839 Supplemento

122 841 299 890 Annal.
316 838 366 888 X
383 879 396 901 ‚
428 855 471 899 ς.
1350 843 1353 846 ⁴

193 905 398 970 Ostorius
416 902 638 964 Scapula.
651 902 736 953 Vir
757 904 880 953 bello
899 905 1109 971 egregius
1126 943 1139 965 ‚
1161 920 1209 952 ut
1225 904 1398 955 dicetur

122 971 243 1022 infra
264 971 361 1022 Vit.
385 971 546 1039 Agric-
575 969 697 1035 Cap.
728 989 799 1029 14.
818 972 893 1020 De
928 989 984 1019 eo
1018 987 1207 1038 quoque
1239 989 1400 1038 agetur

122 1037 242 1089 infra
262 1039 437 1087 Annal.
464 1035 560 1085 XII
582 1074 594 1095 ,
625 1054 677 1098 31
708 1044 751 1085 ὃς
772 1036 900 1105 seqq.

189 1107 402 1155 Decreta
422 1105 590 1152 ονατὶο.
623 1101 741 1151 Haec
760 1143 772 1164 ‚
797 1110 840 1151 &
862 1102 1258 1171 quae'jsequuntur‘,
1281 1103 1401 1153 Sue-

123 1172 274 1222 tonius
294 1172 344 1218 in
367 1170 535 1220 Claud.
556 1167 676 1233 Cap.
701 1188 776 1228 24.
808 1169 1200 1236 Triumphantem
1221 1208 1233 1229 ,
1269 1171 1398 1237 quod

123 1256 224 1288 non
257 1238 320 1285 est
359 1256 413 1285 ex
449 1236 580 1294 huius
620 1239 757 1284 aetatis
800 1233 878 1284 usu
902 1275 915 1298 ‚
960 1237 1188 1286 Plautium
1222 1237 1400 1286 inducit

123 1304 372 1368 Eutropius
396 1306 446 1351 in
470 1301 637 1352 Claud.

193 1370 242 1421 V
241 1368 504 1435 alia'zffimas
526 1367 643 1416 duas
656 1382 835 1435 gentes.
854 1368 1044 1417 Sueton.
1063 1370 1112 1417 in
1132 1366 1401 1435 Vespafian.

122 1436 199 1487 Ca
238 1471 250 1484 .
276 1455 324 1496 4.

188 1455 453 1565 lg‘eezemque
476 1497 682 1562 infidam.
708 1500 899 1549 Sueton.
919 1499 1027 1549 ibid.
1045 1499 1206 1550 Veffis
1231 1500 1402 1565 insula,·

125 1587 252 1621 nunc
275 1567 382 1634 l’ffle
403 1565 457 1614 cle
484 1564 641 1631 W'iglzt
662 1603 676 1625 ,
708 1566 954 1615 Britanniae
981 1568 1210 1631 proxima.

192 1701 318 1750 CAP.
339 1698 428 1750 IV.
465 1696 527 1747 Ut
557 1695 611 1745 de
629 1695 752 1757 fierd.
783 1697 881 1746 Dio
903 1696 998 1745 LX
1017 1735 1029 1757 ‚
1063 1714 1171 1764 pag.
1196 1701 1305 1758 685.

195 1765 399 1828 Pompeii
424 1762 615 1828 Magni.
646 1762 789 1811 Craffi
814 1770 858 1811 ὃς
877 1763 1124 1812 Scriboniae
1145 1762 1225 1810 filii
1248 1802 1259 1823 ‚
1294 1764 1398 1813 An-

129 1837 265 1884 toniae
285 1872 297 1894 ‚
328 1829 512 1880 Claudii
538 1827 639 1876 filiae
659 1867 670 1887 ,
698 1832 861 1877 mariti.
899 1829 1023 1878 Vide
1053 1829 1258 1877 Stemma
1285 1830 1399 1878 Cae-

129 1902 274 1950 sarum
297 1938 309 1959 ,
336 1916 462 1945 num.
492 1902 598 1943 106.
632 1895 839 1943 Dionem
863 1895 958 1943 LX
977 1933 991 1955 ,
1019 1912 1127 1962 pag.
1155 1899 1263 1943 668.
1292 1896 1399 1944 Zo-

128 1984 287 2015 natam
303 2002 315 2024 ,
333 1981 442 2030 pag.
465 1969 523 2021 56
532 1979 573 2024 3.
600 1967 644 2008 &
669 1960 893 2010 Senecam
915 1964 963 2009 in
984 1960 1397 2027 Apocolocyntofi.

191 2032 322 2082 Nam
338 2028 573 2081 Valerium
592 2024 992 2091 Astaticum.Haec
1010 2033 1054 2074 &
1071 2027 1248 2095 reliqua
1263 2028 1400 2082 habet

125 2097 317 2152 Tacitus
346 2094 520 2146 Annal.
538 2090 643 2155 XI,
678 2110 718 2140 1.
