<?xml version="1.0" encoding="UTF-8"?>
<!DOCTYPE html PUBLIC "-//W3C//DTD XHTML 1.0 Transitional//EN"
    "http://www.w3.org/TR/xhtml1/DTD/xhtml1-transitional.dtd">
<html xmlns="http://www.w3.org/1999/xhtml" xml:lang="en" lang="en">
 <head>
  <title>
</title>
<meta http-equiv="Content-Type" content="text/html;charset=utf-8" />
  <meta name='ocr-system' content='tesseract 3.04.00' />
  <meta name='ocr-capabilities' content='ocr_page ocr_carea ocr_par ocr_line ocrx_word'/>
</head>
<body>
  <div class='ocr_page' id='page_1' title='image "./ccorneliitacitio03taci_0455.png"; bbox 0 0 1637 2917; ppageno 0'>
   <div class='ocr_carea' id='block_1_1' title="bbox 330 133 1375 223">
    <p class='ocr_par' dir='ltr' id='par_1_1' title="bbox 330 133 1375 223">
     <span class='ocr_line' id='line_1_1' title="bbox 330 133 1375 223; baseline 0.002 -27"><span class='ocrx_word' id='word_1_1' title='bbox 330 153 786 196; x_wconf 68' lang='lat' dir='ltr'>&#39;ANNAMUM</span> <span class='ocrx_word' id='word_1_2' title='bbox 845 133 1118 198; x_wconf 68' lang='lat' dir='ltr'>N‘o-sAE:</span> <span class='ocrx_word' id='word_1_3' title='bbox 1245 142 1375 223; x_wconf 69' lang='lat'>445}</span> 
     </span>
    </p>
   </div>
   <div class='ocr_carea' id='block_1_2' title="bbox 31 233 1418 2225">
    <p class='ocr_par' dir='ltr' id='par_1_2' title="bbox 31 233 1378 891">
     <span class='ocr_line' id='line_1_2' title="bbox 96 233 1374 304; baseline 0.002 -18"><span class='ocrx_word' id='word_1_4' title='bbox 96 246 243 304; x_wconf 78' lang='lat' dir='ltr'>&#39;quam</span> <span class='ocrx_word' id='word_1_5' title='bbox 261 234 410 284; x_wconf 90' lang='lat' dir='ltr'>adhuc</span> <span class='ocrx_word' id='word_1_6' title='bbox 430 233 490 283; x_wconf 89' lang='lat' dir='ltr'>sal</span> <span class='ocrx_word' id='word_1_7' title='bbox 509 239 777 304; x_wconf 80' lang='lat' dir='ltr'>excoquitur</span> <span class='ocrx_word' id='word_1_8' title='bbox 797 238 912 285; x_wconf 86' lang='lat' dir='ltr'>testis</span> <span class='ocrx_word' id='word_1_9' title='bbox 933 239 995 285; x_wconf 92' lang='lat' dir='ltr'>est</span> <span class='ocrx_word' id='word_1_10' title='bbox 1014 238 1090 287; x_wconf 91' lang='lat' dir='ltr'>Cl.</span> <span class='ocrx_word' id='word_1_11' title='bbox 1109 234 1338 288; x_wconf 84' lang='lat' dir='ltr'>Eccardus</span> <span class='ocrx_word' id='word_1_12' title='bbox 1350 255 1374 302; x_wconf 58' lang='lat'>,⁴</span> 
     </span>
     <span class='ocr_line' id='line_1_3' title="bbox 93 300 1085 370; baseline -0.003 -17"><span class='ocrx_word' id='word_1_13' title='bbox 93 306 158 353; x_wconf 69' lang='lat' dir='ltr'>Ae</span> <span class='ocrx_word' id='word_1_14' title='bbox 176 301 376 368; x_wconf 84' lang='lat' dir='ltr'><strong>Origine</strong></span> <span class='ocrx_word' id='word_1_15' title='bbox 403 300 627 350; x_wconf 85' lang='lat' dir='ltr'><strong>German.</strong></span> <span class='ocrx_word' id='word_1_16' title='bbox 651 320 761 370; x_wconf 87' lang='lat' dir='ltr'><strong>pag.</strong></span> <span class='ocrx_word' id='word_1_17' title='bbox 786 320 894 365; x_wconf 85' lang='lat'>341.</span> <span class='ocrx_word' id='word_1_18' title='bbox 1083 334 1085 337; x_wconf 35' lang='lat' dir='ltr'><strong>f</strong></span> 
     </span>
     <span class='ocr_line' id='line_1_4' title="bbox 31 367 1368 434; baseline 0.003 -19"><span class='ocrx_word' id='word_1_19' title='bbox 31 377 35 425; x_wconf 45' lang='grc' dir='ltr'>ζ</span> <span class='ocrx_word' id='word_1_20' title='bbox 167 367 224 416; x_wconf 85' lang='lat' dir='ltr'>In</span> <span class='ocrx_word' id='word_1_21' title='bbox 258 385 423 426; x_wconf 83' lang='lat' dir='ltr'>amne,</span> <span class='ocrx_word' id='word_1_22' title='bbox 444 367 773 434; x_wconf 73' lang='lat' dir='ltr'>illifiJuerlvz&#39;s.</span> <span class='ocrx_word' id='word_1_23' title='bbox 810 367 929 416; x_wconf 82' lang='lat' dir='ltr'>Haec</span> <span class='ocrx_word' id='word_1_24' title='bbox 965 368 1155 416; x_wconf 87' lang='lat' dir='ltr'>illustrat</span> <span class='ocrx_word' id='word_1_25' title='bbox 1188 369 1368 419; x_wconf 79' lang='lat' dir='ltr'><strong>Plinius</strong></span> 
     </span>
     <span class='ocr_line' id='line_1_5' title="bbox 95 432 1367 514; baseline 0.002 -31"><span class='ocrx_word' id='word_1_26' title='bbox 95 432 297 514; x_wconf 49' lang='lat' dir='ltr'><strong>XXX-{³</strong></span> <span class='ocrx_word' id='word_1_27' title='bbox 317 453 363 493; x_wconf 90' lang='lat'>7.</span> <span class='ocrx_word' id='word_1_28' title='bbox 381 433 552 485; x_wconf 80' lang='lat' dir='ltr'><em>Galliae</em></span> <span class='ocrx_word' id='word_1_29' title='bbox 575 433 923 500; x_wconf 71' lang='lat' dir='ltr'>Germaniaeque</span> <span class='ocrx_word' id='word_1_30' title='bbox 943 432 1204 484; x_wconf 76' lang='lat' dir='ltr'><em>ardentibus</em></span> <span class='ocrx_word' id='word_1_31' title='bbox 1224 435 1367 503; x_wconf 80' lang='lat' dir='ltr'>lignis</span> 
     </span>
     <span class='ocr_line' id='line_1_6' title="bbox 95 498 1368 568; baseline 0.001 -18"><span class='ocrx_word' id='word_1_32' title='bbox 95 517 259 565; x_wconf 83' lang='lat' dir='ltr'>aquam</span> <span class='ocrx_word' id='word_1_33' title='bbox 272 499 444 566; x_wconf 54' lang='lat' dir='ltr'>sarisam</span> <span class='ocrx_word' id='word_1_34' title='bbox 474 499 738 563; x_wconf 73' lang='lat' dir='ltr'>infundunt.</span> <span class='ocrx_word' id='word_1_35' title='bbox 773 540 787 552; x_wconf 97' lang='lat'>.</span> <span class='ocrx_word' id='word_1_36' title='bbox 823 539 836 552; x_wconf 96' lang='lat'>.</span> <span class='ocrx_word' id='word_1_37' title='bbox 871 538 885 551; x_wconf 92' lang='lat'>.</span> <span class='ocrx_word' id='word_1_38' title='bbox 922 498 1135 568; x_wconf 77' lang='lat' dir='ltr'><em>Quercus</em></span> <span class='ocrx_word' id='word_1_39' title='bbox 1162 502 1368 565; x_wconf 75' lang='lat' dir='ltr'>optima,</span> 
     </span>
     <span class='ocr_line' id='line_1_7' title="bbox 93 565 1369 633; baseline 0.003 -19"><span class='ocrx_word' id='word_1_40' title='bbox 93 582 147 614; x_wconf 80' lang='lat' dir='ltr'>ur</span> <span class='ocrx_word' id='word_1_41' title='bbox 167 583 264 632; x_wconf 81' lang='lat' dir='ltr'>quae</span> <span class='ocrx_word' id='word_1_42' title='bbox 286 566 427 632; x_wconf 71' lang='lat' dir='ltr'>perstz</span> <span class='ocrx_word' id='word_1_43' title='bbox 450 567 598 616; x_wconf 82' lang='lat' dir='ltr'>cinere</span> <span class='ocrx_word' id='word_1_44' title='bbox 599 566 780 633; x_wconf 86' lang='lat' dir='ltr'>stncero</span> <span class='ocrx_word' id='word_1_45' title='bbox 801 566 894 616; x_wconf 74' lang='lat' dir='ltr'>vim</span> <span class='ocrx_word' id='word_1_46' title='bbox 901 565 1021 629; x_wconf 77' lang='lat' dir='ltr'>salis</span> <span class='ocrx_word' id='word_1_47' title='bbox 1046 566 1205 616; x_wconf 75' lang='lat' dir='ltr'>reddar</span> <span class='ocrx_word' id='word_1_48' title='bbox 1221 589 1235 615; x_wconf 83' lang='lat'>.·</span> <span class='ocrx_word' id='word_1_49' title='bbox 1255 568 1369 618; x_wconf 75' lang='lat' dir='ltr'>alibi</span> 
     </span>
     <span class='ocr_line' id='line_1_8' title="bbox 54 631 1368 700; baseline 0.003 -19"><span class='ocrx_word' id='word_1_50' title='bbox 54 692 64 700; x_wconf 24' lang='grc' dir='ltr'>ἢ</span> <span class='ocrx_word' id='word_1_51' title='bbox 96 631 275 700; x_wconf 77' lang='lat' dir='ltr'>corylus</span> <span class='ocrx_word' id='word_1_52' title='bbox 310 632 527 682; x_wconf 78' lang='lat' dir='ltr'>laudatur</span> <span class='ocrx_word' id='word_1_53' title='bbox 548 653 564 680; x_wconf 92' lang='lat'>.·</span> <span class='ocrx_word' id='word_1_54' title='bbox 594 636 664 682; x_wconf 75' lang='lat' dir='ltr'>ira</span> <span class='ocrx_word' id='word_1_55' title='bbox 704 633 846 698; x_wconf 69' lang='lat' dir='ltr'>infitjb</span> <span class='ocrx_word' id='word_1_56' title='bbox 883 632 1050 696; x_wconf 78' lang='lat' dir='ltr'>liquore</span> <span class='ocrx_word' id='word_1_57' title='bbox 1073 632 1194 696; x_wconf 62' lang='lat' dir='ltr'>falfi</span> <span class='ocrx_word' id='word_1_58' title='bbox 1236 634 1368 685; x_wconf 75' lang='lat' dir='ltr'>carbo</span> 
     </span>
     <span class='ocr_line' id='line_1_9' title="bbox 93 698 1370 768; baseline 0.002 -21"><span class='ocrx_word' id='word_1_59' title='bbox 93 699 230 748; x_wconf 78' lang='lat' dir='ltr'>eriam</span> <span class='ocrx_word' id='word_1_60' title='bbox 261 699 309 747; x_wconf 84' lang='lat' dir='ltr'>in</span> <span class='ocrx_word' id='word_1_61' title='bbox 327 698 472 763; x_wconf 70' lang='lat' dir='ltr'>fizlem</span> <span class='ocrx_word' id='word_1_62' title='bbox 502 700 712 750; x_wconf 74' lang='lat' dir='ltr'>verritur.</span> <span class='ocrx_word' id='word_1_63' title='bbox 759 698 1042 768; x_wconf 79' lang='lat' dir='ltr'>Quicumque</span> <span class='ocrx_word' id='word_1_64' title='bbox 1072 699 1106 745; x_wconf 77' lang='lat' dir='ltr'>li</span> <span class='ocrx_word' id='word_1_65' title='bbox 1134 716 1196 747; x_wconf 68' lang='lat' dir='ltr'>⁴no</span> <span class='ocrx_word' id='word_1_66' title='bbox 1232 699 1370 765; x_wconf 62' lang='lat' dir='ltr'>confit}</span> 
     </span>
     <span class='ocr_line' id='line_1_10' title="bbox 76 716 1378 834; baseline 0.002 -22"><span class='ocrx_word' id='word_1_67' title='bbox 76 764 158 830; x_wconf 60' lang='grc' dir='ltr'>ιῙξιῖ</span> <span class='ocrx_word' id='word_1_68' title='bbox 178 802 194 822; x_wconf 85' lang='lat'>,</span> <span class='ocrx_word' id='word_1_69' title='bbox 213 764 345 828; x_wconf 81' lang='lat' dir='ltr'><strong><em>niger</em></strong></span> <span class='ocrx_word' id='word_1_70' title='bbox 362 764 434 828; x_wconf 63' lang='lat' dir='ltr'>eft.</span> <span class='ocrx_word' id='word_1_71' title='bbox 457 764 579 814; x_wconf 84' lang='lat' dir='ltr'>Vide</span> <span class='ocrx_word' id='word_1_72' title='bbox 601 783 788 834; x_wconf 85' lang='lat' dir='ltr'>quoque</span> <span class='ocrx_word' id='word_1_73' title='bbox 812 766 900 813; x_wconf 88' lang='lat' dir='ltr'>hac</span> <span class='ocrx_word' id='word_1_74' title='bbox 925 763 980 812; x_wconf 93' lang='lat' dir='ltr'>de</span> <span class='ocrx_word' id='word_1_75' title='bbox 1007 781 1057 812; x_wconf 91' lang='lat' dir='ltr'>re</span> <span class='ocrx_word' id='word_1_76' title='bbox 1075 716 1339 816; x_wconf 47' lang='lat' dir='ltr'>Kssarronem</span> <span class='ocrx_word' id='word_1_77' title='bbox 1354 804 1378 827; x_wconf 61' lang='lat'><em>5</em></span> 
     </span>
     <span class='ocr_line' id='line_1_11' title="bbox 93 829 640 891; baseline 0.002 -13"><span class='ocrx_word' id='word_1_78' title='bbox 93 831 150 878; x_wconf 90' lang='lat' dir='ltr'>de</span> <span class='ocrx_word' id='word_1_79' title='bbox 173 829 242 877; x_wconf 92' lang='lat' dir='ltr'>Re</span> <span class='ocrx_word' id='word_1_80' title='bbox 262 830 442 878; x_wconf 65' lang='lat' dir='ltr'>Rustica</span> <span class='ocrx_word' id='word_1_81' title='bbox 462 868 474 890; x_wconf 90' lang='lat'>‚</span> <span class='ocrx_word' id='word_1_82' title='bbox 505 831 557 891; x_wconf 92' lang='lat' dir='ltr'>I,</span> <span class='ocrx_word' id='word_1_83' title='bbox 592 850 640 889; x_wconf 88' lang='lat'>7.</span> 
     </span>
    </p>

    <p class='ocr_par' dir='ltr' id='par_1_3' title="bbox 82 893 1418 1764">
     <span class='ocr_line' id='line_1_12' title="bbox 178 893 1377 949; baseline 0.002 -5"><span class='ocrx_word' id='word_1_84' title='bbox 178 893 357 945; x_wconf 68' lang='lat' dir='ltr'>Civitas</span> <span class='ocrx_word' id='word_1_85' title='bbox 407 894 653 947; x_wconf 71' lang='lat' dir='ltr'>Julzonum.</span> <span class='ocrx_word' id='word_1_86' title='bbox 713 894 922 949; x_wconf 88' lang='lat' dir='ltr'>Juhones</span> <span class='ocrx_word' id='word_1_87' title='bbox 977 893 1193 944; x_wconf 78' lang='lat' dir='ltr'>habitasse</span> <span class='ocrx_word' id='word_1_88' title='bbox 1249 898 1377 946; x_wconf 78' lang='lat' dir='ltr'>inter</span> 
     </span>
     <span class='ocr_line' id='line_1_13' title="bbox 88 958 1366 1029; baseline 0.002 -19"><span class='ocrx_word' id='word_1_89' title='bbox 88 961 368 1011; x_wconf 89' lang='lat' dir='ltr'>Radantiam</span> <span class='ocrx_word' id='word_1_90' title='bbox 391 1001 403 1024; x_wconf 89' lang='lat'>,</span> <span class='ocrx_word' id='word_1_91' title='bbox 447 961 625 1029; x_wconf 52' lang='lat' dir='ltr'>Redniz</span> <span class='ocrx_word' id='word_1_92' title='bbox 648 1002 664 1025; x_wconf 85' lang='lat'><strong>,</strong></span> <span class='ocrx_word' id='word_1_93' title='bbox 712 969 756 1010; x_wconf 74' lang='grc' dir='ltr'>δε</span> <span class='ocrx_word' id='word_1_94' title='bbox 798 958 1015 1011; x_wconf 77' lang='lat' dir='ltr'>Moenum</span> <span class='ocrx_word' id='word_1_95' title='bbox 1046 1001 1059 1023; x_wconf 84' lang='lat'>‚</span> <span class='ocrx_word' id='word_1_96' title='bbox 1104 960 1144 1009; x_wconf 83' lang='lat' dir='ltr'>le</span> <span class='ocrx_word' id='word_1_97' title='bbox 1183 960 1318 1012; x_wconf 79' lang='lat' dir='ltr'>Mein</span> <span class='ocrx_word' id='word_1_98' title='bbox 1339 981 1366 1024; x_wconf 72' lang='lat'>,⁶</span> 
     </span>
     <span class='ocr_line' id='line_1_14' title="bbox 90 1027 1377 1096; baseline 0.002 -20"><span class='ocrx_word' id='word_1_99' title='bbox 90 1029 329 1077; x_wconf 87' lang='lat' dir='ltr'>coloniam</span> <span class='ocrx_word' id='word_1_100' title='bbox 369 1046 517 1095; x_wconf 81' lang='lat' dir='ltr'>nuper</span> <span class='ocrx_word' id='word_1_101' title='bbox 558 1028 793 1077; x_wconf 87' lang='lat' dir='ltr'>conditam</span> <span class='ocrx_word' id='word_1_102' title='bbox 834 1027 922 1077; x_wconf 77' lang='lat' dir='ltr'>effe</span> <span class='ocrx_word' id='word_1_103' title='bbox 963 1027 1326 1096; x_wconf 86' lang='lat' dir='ltr'>Norimbergam</span> <span class='ocrx_word' id='word_1_104' title='bbox 1353 1068 1377 1091; x_wconf 82' lang='lat'>‚,</span> 
     </span>
     <span class='ocr_line' id='line_1_15' title="bbox 87 1092 1367 1162; baseline -0.001 -17"><span class='ocrx_word' id='word_1_105' title='bbox 87 1094 378 1162; x_wconf 80' lang='lat' dir='ltr'>Nuremberg</span> <span class='ocrx_word' id='word_1_106' title='bbox 399 1134 413 1151; x_wconf 80' lang='lat'><strong>‚</strong></span> <span class='ocrx_word' id='word_1_107' title='bbox 450 1096 523 1143; x_wconf 86' lang='lat' dir='ltr'>vel</span> <span class='ocrx_word' id='word_1_108' title='bbox 552 1094 879 1144; x_wconf 86' lang='lat' dir='ltr'>Forchemium</span> <span class='ocrx_word' id='word_1_109' title='bbox 899 1134 910 1155; x_wconf 89' lang='lat'>‚</span> <span class='ocrx_word' id='word_1_110' title='bbox 947 1092 1176 1143; x_wconf 73' lang='lat' dir='ltr'>Forclzeim</span> <span class='ocrx_word' id='word_1_111' title='bbox 1196 1135 1210 1157; x_wconf 90' lang='lat'>‚</span> <span class='ocrx_word' id='word_1_112' title='bbox 1252 1098 1367 1161; x_wconf 81' lang='lat' dir='ltr'>opi-</span> 
     </span>
     <span class='ocr_line' id='line_1_16' title="bbox 88 1160 1370 1228; baseline 0 -18"><span class='ocrx_word' id='word_1_113' title='bbox 88 1177 224 1210; x_wconf 83' lang='lat' dir='ltr'>natur</span> <span class='ocrx_word' id='word_1_114' title='bbox 258 1162 333 1212; x_wconf 89' lang='lat' dir='ltr'>Cl.</span> <span class='ocrx_word' id='word_1_115' title='bbox 369 1160 598 1211; x_wconf 78' lang='lat' dir='ltr'>Eccardus</span> <span class='ocrx_word' id='word_1_116' title='bbox 623 1202 636 1223; x_wconf 87' lang='lat'>‚</span> <span class='ocrx_word' id='word_1_117' title='bbox 675 1162 731 1210; x_wconf 89' lang='lat' dir='ltr'>de</span> <span class='ocrx_word' id='word_1_118' title='bbox 767 1160 1114 1211; x_wconf 87' lang='lat' dir='ltr'>Germanorum</span> <span class='ocrx_word' id='word_1_119' title='bbox 1150 1163 1370 1228; x_wconf 76' lang='lat' dir='ltr'>origine,</span> 
     </span>
     <span class='ocr_line' id='line_1_17' title="bbox 87 1227 1361 1296; baseline 0.001 -19"><span class='ocrx_word' id='word_1_120' title='bbox 87 1245 198 1294; x_wconf 86' lang='lat' dir='ltr'>pag.</span> <span class='ocrx_word' id='word_1_121' title='bbox 219 1246 329 1292; x_wconf 84' lang='lat'><em>3433</em></span> <span class='ocrx_word' id='word_1_122' title='bbox 343 1227 590 1296; x_wconf 85' lang='lat' dir='ltr'>veterisque</span> <span class='ocrx_word' id='word_1_123' title='bbox 605 1228 635 1283; x_wconf 92' lang='lat' dir='ltr'>J</span> <span class='ocrx_word' id='word_1_124' title='bbox 639 1229 846 1277; x_wconf 90' lang='lat' dir='ltr'>uhonum</span> <span class='ocrx_word' id='word_1_125' title='bbox 865 1229 1066 1276; x_wconf 87' lang='lat' dir='ltr'>nominis</span> <span class='ocrx_word' id='word_1_126' title='bbox 1085 1231 1361 1278; x_wconf 87' lang='lat' dir='ltr'>memoriam</span> 
     </span>
     <span class='ocr_line' id='line_1_18' title="bbox 87 1293 1363 1355; baseline 0.004 -14"><span class='ocrx_word' id='word_1_127' title='bbox 87 1296 260 1343; x_wconf 85' lang='lat' dir='ltr'>exstare</span> <span class='ocrx_word' id='word_1_128' title='bbox 281 1299 330 1342; x_wconf 88' lang='lat' dir='ltr'>in</span> <span class='ocrx_word' id='word_1_129' title='bbox 355 1297 499 1344; x_wconf 89' lang='lat' dir='ltr'>castro</span> <span class='ocrx_word' id='word_1_130' title='bbox 513 1295 661 1346; x_wconf 78' lang='lat' dir='ltr'>Giech</span> <span class='ocrx_word' id='word_1_131' title='bbox 676 1336 690 1355; x_wconf 92' lang='lat'>,</span> <span class='ocrx_word' id='word_1_132' title='bbox 713 1298 817 1344; x_wconf 88' lang='lat' dir='ltr'>&amp;in</span> <span class='ocrx_word' id='word_1_133' title='bbox 833 1297 985 1343; x_wconf 83' lang='lat' dir='ltr'>vicino</span> <span class='ocrx_word' id='word_1_134' title='bbox 1003 1310 1162 1342; x_wconf 88' lang='lat' dir='ltr'>monte</span> <span class='ocrx_word' id='word_1_135' title='bbox 1178 1293 1363 1347; x_wconf 77' lang='lat' dir='ltr'>Gickel.</span> 
     </span>
     <span class='ocr_line' id='line_1_19' title="bbox 86 1359 1369 1429; baseline 0 -19"><span class='ocrx_word' id='word_1_136' title='bbox 86 1359 266 1410; x_wconf 67' lang='lat' dir='ltr'>Contra</span> <span class='ocrx_word' id='word_1_137' title='bbox 294 1361 402 1410; x_wconf 75' lang='lat' dir='ltr'>vero</span> <span class='ocrx_word' id='word_1_138' title='bbox 425 1363 593 1429; x_wconf 75' lang='lat' dir='ltr'>Alting</span> <span class='ocrx_word' id='word_1_139' title='bbox 608 1402 620 1423; x_wconf 91' lang='lat'>‚</span> <span class='ocrx_word' id='word_1_140' title='bbox 638 1362 690 1419; x_wconf 91' lang='lat' dir='ltr'>N</span> <span class='ocrx_word' id='word_1_141' title='bbox 692 1365 790 1410; x_wconf 87' lang='lat' dir='ltr'>otit.</span> <span class='ocrx_word' id='word_1_142' title='bbox 809 1360 1181 1410; x_wconf 87' lang='lat' dir='ltr'>German.Infer.</span> <span class='ocrx_word' id='word_1_143' title='bbox 1195 1360 1369 1429; x_wconf 82' lang='lat' dir='ltr'>Antiq..</span> 
     </span>
     <span class='ocr_line' id='line_1_20' title="bbox 85 1426 1358 1495; baseline 0.001 -20"><span class='ocrx_word' id='word_1_144' title='bbox 85 1444 199 1495; x_wconf 85' lang='lat' dir='ltr'>pag.</span> <span class='ocrx_word' id='word_1_145' title='bbox 216 1431 271 1490; x_wconf 83' lang='lat'>83</span> <span class='ocrx_word' id='word_1_146' title='bbox 294 1467 308 1489; x_wconf 84' lang='lat'>‚</span> <span class='ocrx_word' id='word_1_147' title='bbox 335 1433 380 1475; x_wconf 70' lang='grc' dir='ltr'>ὃς</span> <span class='ocrx_word' id='word_1_148' title='bbox 397 1428 578 1492; x_wconf 76' lang='lat' dir='ltr'>Spener</span> <span class='ocrx_word' id='word_1_149' title='bbox 592 1467 604 1488; x_wconf 93' lang='lat'>‚</span> <span class='ocrx_word' id='word_1_150' title='bbox 636 1427 688 1477; x_wconf 95' lang='lat' dir='ltr'>N</span> <span class='ocrx_word' id='word_1_151' title='bbox 690 1430 787 1476; x_wconf 86' lang='lat' dir='ltr'>otit.</span> <span class='ocrx_word' id='word_1_152' title='bbox 810 1426 1035 1476; x_wconf 81' lang='lat' dir='ltr'>German.</span> <span class='ocrx_word' id='word_1_153' title='bbox 1052 1426 1217 1495; x_wconf 87' lang='lat' dir='ltr'>Antiq.</span> <span class='ocrx_word' id='word_1_154' title='bbox 1237 1445 1358 1477; x_wconf 91' lang='lat' dir='ltr'>con-</span> 
     </span>
     <span class='ocr_line' id='line_1_21' title="bbox 85 1493 1361 1560; baseline 0.002 -18"><span class='ocrx_word' id='word_1_155' title='bbox 85 1493 487 1543; x_wconf 78' lang='lat' dir='ltr'>tendunt—nullam</span> <span class='ocrx_word' id='word_1_156' title='bbox 521 1493 649 1542; x_wconf 83' lang='lat' dir='ltr'>fuisse</span> <span class='ocrx_word' id='word_1_157' title='bbox 678 1511 906 1560; x_wconf 81' lang='lat' dir='ltr'>umquam</span> <span class='ocrx_word' id='word_1_158' title='bbox 928 1493 1170 1546; x_wconf 83' lang='lat' dir='ltr'>Juhonum</span> <span class='ocrx_word' id='word_1_159' title='bbox 1196 1497 1361 1544; x_wconf 87' lang='lat' dir='ltr'>civita—-</span> 
     </span>
     <span class='ocr_line' id='line_1_22' title="bbox 83 1558 1364 1627; baseline -0.002 -17"><span class='ocrx_word' id='word_1_160' title='bbox 83 1575 210 1621; x_wconf 84' lang='lat' dir='ltr'>tem,</span> <span class='ocrx_word' id='word_1_161' title='bbox 239 1561 417 1608; x_wconf 89' lang='lat' dir='ltr'>nullam</span> <span class='ocrx_word' id='word_1_162' title='bbox 437 1562 673 1609; x_wconf 87' lang='lat' dir='ltr'>coloniam</span> <span class='ocrx_word' id='word_1_163' title='bbox 693 1599 707 1621; x_wconf 87' lang='lat'><strong><em>,</em></strong></span> <span class='ocrx_word' id='word_1_164' title='bbox 736 1560 892 1606; x_wconf 84' lang='lat' dir='ltr'>nullos</span> <span class='ocrx_word' id='word_1_165' title='bbox 909 1558 1142 1611; x_wconf 84' lang='lat' dir='ltr'>Juhones:</span> <span class='ocrx_word' id='word_1_166' title='bbox 1173 1558 1248 1607; x_wconf 91' lang='lat' dir='ltr'>sed</span> <span class='ocrx_word' id='word_1_167' title='bbox 1267 1579 1364 1627; x_wconf 84' lang='lat' dir='ltr'>pro</span> 
     </span>
     <span class='ocr_line' id='line_1_23' title="bbox 83 1623 1366 1692; baseline 0 -16"><span class='ocrx_word' id='word_1_168' title='bbox 83 1624 314 1676; x_wconf 78' lang='lat' dir='ltr'>Julzonum</span> <span class='ocrx_word' id='word_1_169' title='bbox 349 1625 694 1676; x_wconf 86' lang='lat' dir='ltr'>emendandum</span> <span class='ocrx_word' id='word_1_170' title='bbox 733 1623 821 1674; x_wconf 81' lang='lat' dir='ltr'>effe</span> <span class='ocrx_word' id='word_1_171' title='bbox 862 1624 1077 1675; x_wconf 77' lang='lat' dir='ltr'>Ubiorum</span> <span class='ocrx_word' id='word_1_172' title='bbox 1099 1665 1113 1688; x_wconf 94' lang='lat'>,</span> <span class='ocrx_word' id='word_1_173' title='bbox 1159 1644 1366 1692; x_wconf 81' lang='lat' dir='ltr'>quorum</span> 
     </span>
     <span class='ocr_line' id='line_1_24' title="bbox 82 1691 1418 1764; baseline -0.001 -23"><span class='ocrx_word' id='word_1_174' title='bbox 82 1692 320 1742; x_wconf 84' lang='lat' dir='ltr'>coloniam</span> <span class='ocrx_word' id='word_1_175' title='bbox 341 1711 490 1759; x_wconf 86' lang='lat' dir='ltr'>nuper</span> <span class='ocrx_word' id='word_1_176' title='bbox 510 1693 742 1741; x_wconf 87' lang='lat' dir='ltr'>conditam</span> <span class='ocrx_word' id='word_1_177' title='bbox 757 1691 951 1740; x_wconf 86' lang='lat' dir='ltr'>vidimus</span> <span class='ocrx_word' id='word_1_178' title='bbox 965 1693 1140 1740; x_wconf 89' lang='lat' dir='ltr'>Annal.</span> <span class='ocrx_word' id='word_1_179' title='bbox 1155 1692 1267 1754; x_wconf 83' lang='lat' dir='ltr'>XII,</span> <span class='ocrx_word' id='word_1_180' title='bbox 1280 1712 1362 1752; x_wconf 86' lang='lat'>27.</span> <span class='ocrx_word' id='word_1_181' title='bbox 1406 1751 1418 1764; x_wconf 43' lang='lat'><strong>·</strong></span> 
     </span>
    </p>

    <p class='ocr_par' dir='ltr' id='par_1_4' title="bbox 82 1757 1362 2225">
     <span class='ocr_line' id='line_1_25' title="bbox 149 1757 1362 1825; baseline 0.001 -18"><span class='ocrx_word' id='word_1_182' title='bbox 149 1757 290 1825; x_wconf 84' lang='lat' dir='ltr'>Ignes</span> <span class='ocrx_word' id='word_1_183' title='bbox 315 1762 436 1808; x_wconf 70' lang='lat' dir='ltr'>terrai</span> <span class='ocrx_word' id='word_1_184' title='bbox 461 1758 588 1809; x_wconf 69' lang='lat' dir='ltr'>edici.</span> <span class='ocrx_word' id='word_1_185' title='bbox 622 1759 760 1807; x_wconf 87' lang='lat' dir='ltr'>Tales</span> <span class='ocrx_word' id='word_1_186' title='bbox 793 1761 924 1825; x_wconf 83' lang='lat' dir='ltr'>ignes</span> <span class='ocrx_word' id='word_1_187' title='bbox 953 1758 1067 1806; x_wconf 90' lang='lat' dir='ltr'>olim</span> <span class='ocrx_word' id='word_1_188' title='bbox 1098 1761 1148 1805; x_wconf 91' lang='lat' dir='ltr'>in</span> <span class='ocrx_word' id='word_1_189' title='bbox 1170 1758 1362 1808; x_wconf 88' lang='lat' dir='ltr'>Lemno</span> 
     </span>
     <span class='ocr_line' id='line_1_26' title="bbox 82 1823 1360 1891; baseline 0.002 -17"><span class='ocrx_word' id='word_1_190' title='bbox 82 1823 229 1874; x_wconf 68' lang='lat' dir='ltr'>insula</span> <span class='ocrx_word' id='word_1_191' title='bbox 249 1865 261 1885; x_wconf 94' lang='lat'>‚</span> <span class='ocrx_word' id='word_1_192' title='bbox 297 1842 423 1874; x_wconf 84' lang='lat' dir='ltr'>aetate</span> <span class='ocrx_word' id='word_1_193' title='bbox 453 1842 605 1876; x_wconf 89' lang='lat' dir='ltr'>autem</span> <span class='ocrx_word' id='word_1_194' title='bbox 639 1824 713 1874; x_wconf 67' lang='lat' dir='ltr'>sua</span> <span class='ocrx_word' id='word_1_195' title='bbox 749 1828 796 1873; x_wconf 88' lang='lat' dir='ltr'>in</span> <span class='ocrx_word' id='word_1_196' title='bbox 829 1842 944 1891; x_wconf 79' lang='lat' dir='ltr'>agro</span> <span class='ocrx_word' id='word_1_197' title='bbox 973 1824 1236 1873; x_wconf 86' lang='lat' dir='ltr'>Ebroicenfi</span> <span class='ocrx_word' id='word_1_198' title='bbox 1261 1865 1274 1886; x_wconf 91' lang='lat'>,</span> <span class='ocrx_word' id='word_1_199' title='bbox 1314 1825 1360 1876; x_wconf 78' lang='lat' dir='ltr'>Ze</span> 
     </span>
     <span class='ocr_line' id='line_1_27' title="bbox 82 1890 1358 1956; baseline -0.002 -16"><span class='ocrx_word' id='word_1_200' title='bbox 82 1892 310 1940; x_wconf 77' lang='lat' dir='ltr'>territoire</span> <span class='ocrx_word' id='word_1_201' title='bbox 341 1891 576 1942; x_wconf 74' lang='lat' dir='ltr'>d&#39;Evreux</span> <span class='ocrx_word' id='word_1_202' title='bbox 595 1933 610 1956; x_wconf 87' lang='lat'>,</span> <span class='ocrx_word' id='word_1_203' title='bbox 647 1891 774 1940; x_wconf 85' lang='lat' dir='ltr'>fuiffe</span> <span class='ocrx_word' id='word_1_204' title='bbox 796 1890 943 1941; x_wconf 86' lang='lat' dir='ltr'>scribit</span> <span class='ocrx_word' id='word_1_205' title='bbox 960 1891 1116 1940; x_wconf 88' lang='lat' dir='ltr'>illustr.</span> <span class='ocrx_word' id='word_1_206' title='bbox 1142 1891 1358 1942; x_wconf 86' lang='lat' dir='ltr'>Huetius.</span> 
     </span>
     <span class='ocr_line' id='line_1_28' title="bbox 83 1956 1358 2026; baseline 0.001 -20"><span class='ocrx_word' id='word_1_207' title='bbox 83 1956 259 2023; x_wconf 84' lang='lat' dir='ltr'>Saepius</span> <span class='ocrx_word' id='word_1_208' title='bbox 282 1958 595 2026; x_wconf 73' lang='lat' dir='ltr'>recentiusque</span> <span class='ocrx_word' id='word_1_209' title='bbox 615 1998 628 2020; x_wconf 88' lang='lat'>‚</span> <span class='ocrx_word' id='word_1_210' title='bbox 663 1961 796 2007; x_wconf 78' lang='lat' dir='ltr'>annis</span> <span class='ocrx_word' id='word_1_211' title='bbox 821 1975 991 2023; x_wconf 87' lang='lat' dir='ltr'>nempe</span> <span class='ocrx_word' id='word_1_212' title='bbox 1017 1965 1140 2016; x_wconf 89' lang='lat'><em>1706</em></span> <span class='ocrx_word' id='word_1_213' title='bbox 1158 1997 1171 2018; x_wconf 91' lang='lat'>,</span> <span class='ocrx_word' id='word_1_214' title='bbox 1203 1976 1324 2018; x_wconf 90' lang='lat'>1717</span> <span class='ocrx_word' id='word_1_215' title='bbox 1341 1999 1358 2021; x_wconf 91' lang='lat'>‚</span> 
     </span>
     <span class='ocr_line' id='line_1_29' title="bbox 88 2022 1362 2092; baseline 0.002 -20"><span class='ocrx_word' id='word_1_216' title='bbox 88 2041 215 2084; x_wconf 81' lang='lat'>1724</span> <span class='ocrx_word' id='word_1_217' title='bbox 329 2040 450 2085; x_wconf 84' lang='lat'>1754</span> <span class='ocrx_word' id='word_1_218' title='bbox 469 2064 482 2086; x_wconf 87' lang='lat'>,</span> <span class='ocrx_word' id='word_1_219' title='bbox 517 2028 567 2074; x_wconf 92' lang='lat' dir='ltr'>in</span> <span class='ocrx_word' id='word_1_220' title='bbox 598 2042 714 2092; x_wconf 86' lang='lat' dir='ltr'>agro</span> <span class='ocrx_word' id='word_1_221' title='bbox 743 2023 986 2072; x_wconf 86' lang='lat' dir='ltr'>Tarvifino</span> <span class='ocrx_word' id='word_1_222' title='bbox 1008 2064 1021 2086; x_wconf 90' lang='lat'>,</span> <span class='ocrx_word' id='word_1_223' title='bbox 1055 2022 1197 2091; x_wconf 72' lang='lat' dir='ltr'>vulgo</span> <span class='ocrx_word' id='word_1_224' title='bbox 1232 2026 1362 2074; x_wconf 79' lang='lat' dir='ltr'>Italis</span> 
     </span>
     <span class='ocr_line' id='line_1_30' title="bbox 85 2088 1360 2157; baseline 0.002 -18"><span class='ocrx_word' id='word_1_225' title='bbox 85 2088 255 2139; x_wconf 81' lang='lat' dir='ltr'>Marca</span> <span class='ocrx_word' id='word_1_226' title='bbox 303 2089 546 2157; x_wconf 29' lang='lat' dir='ltr'>*rivigiana</span> <span class='ocrx_word' id='word_1_227' title='bbox 566 2132 580 2153; x_wconf 86' lang='lat'>‚</span> <span class='ocrx_word' id='word_1_228' title='bbox 607 2089 822 2140; x_wconf 86' lang='lat' dir='ltr'>exarsere.</span> <span class='ocrx_word' id='word_1_229' title='bbox 841 2090 965 2140; x_wconf 86' lang='lat' dir='ltr'>Vide</span> <span class='ocrx_word' id='word_1_230' title='bbox 982 2091 1059 2141; x_wconf 78' lang='lat'>(31.</span> <span class='ocrx_word' id='word_1_231' title='bbox 1073 2090 1329 2142; x_wconf 88' lang='lat' dir='ltr'>Zaccharia</span> <span class='ocrx_word' id='word_1_232' title='bbox 1341 2106 1360 2155; x_wconf 84' lang='lat'>,&#39;</span> 
     </span>
     <span class='ocr_line' id='line_1_31' title="bbox 84 2154 1274 2225; baseline 0.002 -19"><span class='ocrx_word' id='word_1_233' title='bbox 84 2154 245 2206; x_wconf 81' lang='lat' dir='ltr'>Storia</span> <span class='ocrx_word' id='word_1_234' title='bbox 265 2154 496 2207; x_wconf 72' lang='lat' dir='ltr'>lecteraria</span> <span class='ocrx_word' id='word_1_235' title='bbox 516 2156 727 2221; x_wconf 79' lang='lat' dir='ltr'>d’IraZia,</span> <span class='ocrx_word' id='word_1_236' title='bbox 758 2157 873 2210; x_wconf 92' lang='lat' dir='ltr'>Vol.</span> <span class='ocrx_word' id='word_1_237' title='bbox 892 2156 966 2206; x_wconf 91' lang='lat' dir='ltr'>IX</span> <span class='ocrx_word' id='word_1_238' title='bbox 982 2197 997 2221; x_wconf 86' lang='lat'>,</span> <span class='ocrx_word' id='word_1_239' title='bbox 1022 2175 1134 2225; x_wconf 88' lang='lat' dir='ltr'>pag.</span> <span class='ocrx_word' id='word_1_240' title='bbox 1160 2162 1274 2217; x_wconf 83' lang='lat'>482.</span> 
     </span>
    </p>
   </div>
   <div class='ocr_carea' id='block_1_3' title="bbox 83 2285 1360 2626">
    <p class='ocr_par' dir='ltr' id='par_1_5' title="bbox 83 2285 1360 2554">
     <span class='ocr_line' id='line_1_32' title="bbox 149 2285 1360 2355; baseline 0.006 -19"><span class='ocrx_word' id='word_1_241' title='bbox 149 2285 274 2336; x_wconf 77' lang='lat' dir='ltr'>CAP.</span> <span class='ocrx_word' id='word_1_242' title='bbox 293 2286 472 2339; x_wconf 92' lang='lat' dir='ltr'>LVIII.</span> <span class='ocrx_word' id='word_1_243' title='bbox 506 2288 793 2340; x_wconf 78' lang='lat' dir='ltr'>Ruminalem</span> <span class='ocrx_word' id='word_1_244' title='bbox 820 2290 1038 2342; x_wconf 83' lang='lat' dir='ltr'>arborem.</span> <span class='ocrx_word' id='word_1_245' title='bbox 1073 2289 1209 2340; x_wconf 84' lang='lat' dir='ltr'>Ficus</span> <span class='ocrx_word' id='word_1_246' title='bbox 1234 2305 1360 2355; x_wconf 70' lang='lat' dir='ltr'>erat3</span> 
     </span>
     <span class='ocr_line' id='line_1_33' title="bbox 83 2355 1359 2425; baseline 0.004 -22"><span class='ocrx_word' id='word_1_247' title='bbox 83 2355 322 2403; x_wconf 81' lang='lat' dir='ltr'>ruminalis</span> <span class='ocrx_word' id='word_1_248' title='bbox 349 2357 580 2421; x_wconf 86' lang='lat' dir='ltr'>appellata</span> <span class='ocrx_word' id='word_1_249' title='bbox 598 2397 611 2418; x_wconf 88' lang='lat'>,</span> <span class='ocrx_word' id='word_1_250' title='bbox 643 2355 770 2425; x_wconf 76' lang='lat' dir='ltr'>quod</span> <span class='ocrx_word' id='word_1_251' title='bbox 781 2356 868 2421; x_wconf 82' lang='lat' dir='ltr'>sub</span> <span class='ocrx_word' id='word_1_252' title='bbox 889 2358 943 2406; x_wconf 73' lang='lat' dir='ltr'>eci</span> <span class='ocrx_word' id='word_1_253' title='bbox 963 2356 1150 2407; x_wconf 77' lang='lat' dir='ltr'>inventa</span> <span class='ocrx_word' id='word_1_254' title='bbox 1171 2357 1229 2424; x_wconf 84' lang='lat' dir='ltr'>est</span> <span class='ocrx_word' id='word_1_255' title='bbox 1250 2359 1359 2420; x_wconf 73' lang='lat' dir='ltr'>lupa</span> 
     </span>
     <span class='ocr_line' id='line_1_34' title="bbox 84 2420 1360 2491; baseline 0.005 -22"><span class='ocrx_word' id='word_1_256' title='bbox 84 2420 290 2469; x_wconf 87' lang='lat' dir='ltr'>Romulo</span> <span class='ocrx_word' id='word_1_257' title='bbox 315 2439 368 2469; x_wconf 90' lang='lat' dir='ltr'>ac</span> <span class='ocrx_word' id='word_1_258' title='bbox 394 2422 543 2483; x_wconf 88' lang='lat' dir='ltr'>Remo</span> <span class='ocrx_word' id='word_1_259' title='bbox 565 2421 820 2485; x_wconf 75' lang='lat' dir='ltr'>infantibus</span> <span class='ocrx_word' id='word_1_260' title='bbox 871 2424 1041 2473; x_wconf 88' lang='lat' dir='ltr'>raebens</span> <span class='ocrx_word' id='word_1_261' title='bbox 1060 2441 1222 2473; x_wconf 86' lang='lat' dir='ltr'>rumen</span> <span class='ocrx_word' id='word_1_262' title='bbox 1256 2426 1360 2491; x_wconf 77' lang='lat' dir='ltr'>(ita.</span> 
     </span>
     <span class='ocr_line' id='line_1_35' title="bbox 85 2487 1033 2554; baseline 0.002 -17"><span class='ocrx_word' id='word_1_263' title='bbox 85 2487 312 2537; x_wconf 70' lang='lat' dir='ltr'>vocabant</span> <span class='ocrx_word' id='word_1_264' title='bbox 336 2488 641 2554; x_wconf 87' lang='lat' dir='ltr'>mammam).</span> <span class='ocrx_word' id='word_1_265' title='bbox 679 2489 798 2538; x_wconf 85' lang='lat' dir='ltr'>Plin.</span> <span class='ocrx_word' id='word_1_266' title='bbox 871 2490 933 2552; x_wconf 89' lang='lat' dir='ltr'>V,</span> <span class='ocrx_word' id='word_1_267' title='bbox 960 2495 1033 2540; x_wconf 93' lang='lat'>18.</span> 
     </span>
    </p>

    <p class='ocr_par' dir='ltr' id='par_1_6' title="bbox 152 2550 1326 2626">
     <span class='ocr_line' id='line_1_36' title="bbox 152 2550 1326 2626; baseline 0.008 -24"><span class='ocrx_word' id='word_1_268' title='bbox 152 2550 211 2603; x_wconf 84' lang='lat' dir='ltr'>In</span> <span class='ocrx_word' id='word_1_269' title='bbox 244 2554 436 2610; x_wconf 75' lang='lat' dir='ltr'>comitio,</span> <span class='ocrx_word' id='word_1_270' title='bbox 473 2555 730 2608; x_wconf 87' lang='lat' dir='ltr'>Comitium</span> <span class='ocrx_word' id='word_1_271' title='bbox 752 2574 858 2626; x_wconf 88' lang='lat' dir='ltr'>pars</span> <span class='ocrx_word' id='word_1_272' title='bbox 883 2556 967 2609; x_wconf 87' lang='lat' dir='ltr'>fuit</span> <span class='ocrx_word' id='word_1_273' title='bbox 988 2557 1080 2609; x_wconf 86' lang='lat' dir='ltr'>fori</span> <span class='ocrx_word' id='word_1_274' title='bbox 1101 2556 1326 2614; x_wconf 77' lang='lat' dir='ltr'>Romani.</span> 
     </span>
    </p>
   </div>
  </div>
 </body>
</html>
