1725 2983
369 151 844 193 ANNAL1UM
899 131 1062 191 L113.
1106 128 1211 192 XI.
1368 153 1433 214 35

158 254 202 289 ευ
212 228 464 316 paratum
483 259 495 291 ι
519 228 835 290 mansuram
853 231 1116 290 eamdem
1133 229 1440 293 Messalinae

165 319 526 398 »potentiam
550 364 566 387 ,
603 314 793 373 addita
814 312 1104 374 securitate
1129 364 1145 388 ‚
1181 317 1219 375 fi
1239 340 1440 401 praeve-

167 429 203 454 ω
213 401 398 460 nitent
419 399 729 460 Claudium
744 445 759 470 ‚
790 419 850 457 ut
880 397 1088 457 insidiis
1112 400 1399 460 incautum
1421 450 1439 475 ,

165 484 290 542 mita
322 486 411 543 irae
450 484 750 568 properum
769 511 827 541 22.
868 482 1122 564 Segniter
1155 483 1235 541 hae
1277 484 1439 546 voces

169 590 405 650 acceptae
429 617 444 640 ,
478 591 593 625 non
618 588 809 624 amore
832 565 891 623 in
913 567 1180 625 maritum
1197 615 1213 639 ,
1249 565 1343 627 sed
1368 593 1440 630 ne

172 651 334 710 Silius
348 699 364 722 ‚
397 650 616 710 summa
634 649 864 732 adeptus
885 698 902 722 ‚
926 647 1207 732 sperneret
1230 651 1443 714 adulte-

168 757 325 811 -ram3
353 732 634 814 scelusque
656 734 801 792 inter
825 734 1088 816 ancipitia
1109 733 1407 817 probarum
1425 786 1444 813 ,

169 819 311 878 veris
347 841 480 876 mox
517 818 706 901 pretiis
742 819 1067 877 aestimaret:
1110 842 1322 879 nomen
1360 842 1445 880 ta-

169 925 308 961 men
340 902 690 961 matrimonii
719 903 1039 985 concupivit
1063 926 1080 979 3
1122 902 1198 962 ob
1228 908 1446 987 magni-

171 985 434 1045 tudinem
466 983 713 1044 infamiae
738 1032 754 1057 ,
795 994 947 1068 cujus
990 986 1139 1069 apud
1180 988 1446 1072 prodigos

168 1071 463 1130 novissima
487 1069 740 1152 voluptas
767 1071 856 1129 est.
902 1070 1023 1130 Nec
1053 1069 1196 1133 ultra
1229 1071 1448 1156 exspec-

171 1174 290 1213 tato
313 1202 328 1226 ‚
351 1154 524 1235 quam
545 1153 684 1211 dum
709 1150 959 1212 sacrificii
980 1153 1152 1236 gratia
1173 1154 1448 1217 Claudius

173 1238 394 1295 Ostiam
418 1235 885 1319 proficisceretur,
908 1242 1106 1298 cuneta
1125 1241 1449 1323 nuptiarum

171 1318 473 1380 sollemnia
507 1320 770 1380 celebrat.

255 1405 707 1465 XXVII.HAUD
731 1402 854 1463 sum
882 1403 1105 1487 ignarus
1131 1403 1449 1466 fabulosum

171 1485 351 1549 visum
383 1489 450 1547 iri
472 1537 488 1561 ‚
533 1509 754 1548 tantum
783 1487 908 1547 ullis
937 1488 1264 1549 mortalium
1294 1489 1450 1550 secu-

171 1573 348 1633 ritatis
372 1571 561 1645 fuisse,
585 1573 644 1631 in
668 1572 891 1632 civitate
914 1575 1176 1632 omnium
1200 1574 1368 1657 gnara
1392 1583 1452 1634 &

172 1656 318 1715 nihil
357 1658 626 1717 reticente
654 1705 671 1729 ‚
727 1656 941 1715 nedum
979 1656 1266 1717 consulem
1308 1657 1452 1716 defi-

168 1760 412 1820 gnatum
437 1786 453 1811 ‚
498 1762 628 1796 cum
653 1761 821 1797 uxore
847 1740 1115 1822 Principis
1138 1787 1155 1812 ,
1194 1740 1453 1823 praedicta

176 1822 268 1881 die
292 1869 308 1894 ‚
356 1822 620 1880 adhibitis
647 1869 663 1893 ‚
709 1822 806 1901 qui
847 1820 1204 1903 obsignarent
1231 1872 1248 1897 ,
1297 1824 1453 1885 velut

170 1903 648 1987 suscipiendorum
679 1902 988 1963 liberorum
1014 1905 1172 1965 causa
1192 1955 1209 1980 ,
1250 1930 1454 1969 conve-

172 1986 313 2074 niffe
333 2013 344 2046 :
369 2011 535 2070 atque
554 1987 712 2046 illam
735 1985 942 2048 audiffe
963 1988 1244 2073 auspicum
1263 1992 1452 2066 verba,

175 2070 372 2133 subiffe
399 2121 416 2146 ‚
462 2069 778 2132 sacrificasse
813 2072 962 2155 apud
998 2073 1132 2133 deos
1156 2122 1173 2148 ,
1215 2075 1454 2136 discubi-

134 2200 141 2206 ·
176 2178 302 2218 tum
327 2157 472 2216 inter
496 2157 753 2216 convivas
778 2204 795 2229 ‚
830 2154 1013 2216 oscula
1038 2206 1055 2231 ‚
1093 2159 1416 2243 complexus
1436 2209 1456 2235 ,

176 2245 405 2301 no&em
427 2241 673 2322 denique
702 2244 884 2299 aetam
908 2241 1133 2301 licentia
1157 2245 1456 2327 conjugali.

178 2324 290 2384 Sed
334 2325 475 2384 nihil
525 2323 898 2403 compositum
948 2326 1205 2385 miraculi
1256 2328 1414 2387 causa
1436 2375 1455 2401 ‚

181 2408 379 2468 verum
423 2409 613 2471 audita
644 2407 954 2492 scriptaque
994 2408 1302 2471 senioribus
1343 2433 1455 2471 tra·-

184 2491 334 2551 dam.

266 2575 544 2637 XXVul.
604 2579 632 2639 1
652 2601 684 2638 G
704 2601 724 2638 1
739 2599 772 2637 τ
789 2599 825 2639 υ
841 2599 882 2638 R
930 2577 1132 2641 domus
1146 2576 1457 2720 BPrincipis

1241 2684 1292 2746 VJ

1463 250 1658 278 πθ

1461 305 1513 347 A.
1530 307 1579 345 U.
1600 305 1655 348 C.

1509 377 1618 421 801·

1498 453 1536 494 J.
1567 452 1620 499 C.

1515 523 1598 577 48·
