1725 2983
30 271 222 299 Q

251 153 318 206 18
424 148 496 206 C.
543 146 992 207 Continui
1041 151 1345 212 TAcxri

330 247 432 305 IX.
454 247 633 305 TUNc
654 294 671 319 ,
706 246 968 306 distraetis
989 250 1240 309 Orientis
1264 250 1470 311 viribus
1489 269 1510 326 ,‘

29 326 301 390 A.U.C.&
347 329 594 410 quonam
649 330 981 392 inclinarent
1031 333 1253 393 incertis
1285 381 1303 406 ‚
1359 333 1507 396 casus

74 396 179 440 80⁰·
245 412 570 472 Mithridati
613 412 771 473 datus
823 416 899 474 est
944 417 1250 500 occupandi
1299 416 1506 478 Arme-

67 470 92 509 J
139 471 190 511 C.

88 551 172 600 37·

246 497 400 555 niam
422 543 438 568 ‚
484 498 539 555 vi
573 497 765 556 militis
803 500 1051 559 Romani
1088 501 1159 558 ad
1202 500 1508 561 excidenda

243 579 592 639 castellorum
619 581 788 640 ardua
810 630 826 654 ,
864 580 1136 661 simulque
1164 582 1326 641 Ibero
1351 605 1505 642 exer-

239 663 354 722 citu
386 687 611 746 campos
640 663 990 746 persultante.
1027 666 1082 722 N
1088 688 1147 724 ec
1177 666 1330 724 enim
1355 667 1507 725 resti-

240 766 356 806 tere
397 746 690 821 Armenii,
733 746 852 806 fuso
875 795 892 819 ,
929 748 1026 827 qui
1054 748 1313 829 proelium
1351 747 1505 807 ausus

239 850 357 889 erat
383 877 399 901 ‚
446 831 801 889 Demonacte
850 828 1123 912 praefecsto·
1188 831 1504 890 paullulum

239 914 603 971 cunctationis
628 913 813 972 attulit
846 935 938 972 rex
964 914 1193 972 minoris
1222 914 1504 973 Armeniae

239 996 415 1072 Cotys
431 1043 447 1066 ,
479 995 640 1055 versis
664 996 792 1054 illuc
817 994 1149 1075 quibusdam
1168 1018 1461 1078 procerum
1487 1020 1505 1075 3

152 1154 157 1156 ‚
237 1076 372 1136 dein
405 1077 576 1136 literis
607 1077 833 1137 Caesaris
866 1079 1134 1137 coercitus
1161 1103 1173 1137 :
1210 1088 1266 1139 ὅ(
1307 1084 1505 1139 cunita

236 1159 299 1220 in
315 1160 929 1236 Mithridateiifluxere,
945 1162 1280 1224 atrociorem
1297 1210 1314 1234 ‚
1334 1162 1506 1242 quam

240 1266 392 1303 novo
418 1266 592 1326 regno
620 1244 974 1304 conduceret.
1018 1242 1097 1304 At
1120 1245 1308 1303 Parthi
1328 1245 1506 1327 impe-

239 1347 449 1386 ratores
472 1375 489 1398 ‚
534 1326 665 1386 cum
700 1350 947 1410 pugnam
980 1349 1235 1408 pararent
1261 1375 1278 1399 ‚
1323 1325 1505 1389 foedus

239 1411 469 1491 repente
493 1407 705 1468 faciunt
727 1457 744 1482 ,
784 1410 1020 1491 cognitis
1044 1410 1393 1492 popularium
1418 1411 1506 1469 in·-

232 1490 389 1550 ‘fidiis
426 1539 444 1564 ‚
490 1515 623 1572 quas
652 1496 940 1554 VGotarzes
990 1489 1146 1551 fratri
1188 1490 1452 1574 patefecit
1492 1518 1506 1553 :

237 1574 618 1656 congreffique
643 1623 660 1648 ,
692 1576 879 1658 primo
900 1579 1259 1652 cunctantur3
1298 1575 1506 1636 deinde

240 1657 521 1740 complexi
564 1658 781 1718 dextras
812 1706 829 1731 ‚
891 1658 1037 1740 apud
1091 1657 1282 1717 altaria
1335 1657 1506 1718 desim

238 1741 502 1824 pepigere
524 1786 541 1810 ,
571 1767 605 1792 oc
622 1739 886 1799 fraudem.
902 1740 1265 1798 inimicorum
1288 1739 1507 1815 ulcisci,

237 1844 450 1903 :natque
483 1821 582 1904 ipfi
616 1824 761 1882 inter
796 1822 850 1881 se
887 1817 1265 1883 concederem}
1316 1824 1507 1885 Potior

237 1906 516 1966 Bardanes
543 1903 685 1963 visus
714 1904 1010 1964 retinendo
1038 1926 1230 1985 regnO.
1275 1904 1355 1963 At
1384 1909 1508 1965 Go-

239 2009 412 2048 tarzes
436 2036 453 2061 ,
494 2010 564 2047 ne
610 1988 749 2068 quid
787 1985 1152 2046 aemulationis
1186 1986 1457 2049 exsisteret
1485 2037 1504 2062 ,

240 2072 460 2154 penitus
487 2072 546 2129 in
568 2071 904 2149 Hyrcaniam
929 2069 1066 2128 abiit
1094 2095 1106 2129 :
1153 2069 1507 2152 regressoque

237 2155 478 2214 Bardani
520 2153 743 2214 deditur
778 2151 1066 2224 Seleucia,
1109 2149 1346 2235 septimo
1389 2157 1508 2236 post

239 2235 620 2297 defectionem
664 2259 859 2313 ann03
914 2259 1031 2294 non
1073 2233 1186 2294 fine
1227 2236 1506 2297 dedecore

240 2321 573 2380 Parthorum
611 2368 629 2393 ,
694 2344 832 2402 quos
884 2341 996 2378 una
1042 2317 1230 2378 civitas
1286 2319 1506 2383 tamdiu

241 2402 490 2465 eluserat.

331 2488 406 2546 X.
430 2490 578 2546 Exm
603 2484 952 2545 validiffimas
979 2484 1320 2568 praefecturas
1344 2485 1504 2554 inva-

237 2568 303 2630 fit
327 2592 339 2630 ε
377 2577 434 2632 &
459 2569 762 2652 reciperare
787 2568 1120 2631 Armeniam
1143 2568 1367 2652 parabat
1387 2616 1406 2647 ,
1443 2571 1514 2638 ni
