1659 2917
312 140 422 191 18¹6
485 134 1049 192 C.C0RN1=.L11
1100 136 1409 194 ΤΑειτῐ

91 253 282 305 ====
307 255 377 292 ne
418 231 574 314 spem
622 233 793 292 veniae
833 231 1113 293 auferret:
1158 257 1341 314 neque
1385 256 1633 295 tamena

90 308 142 356 Α·
161 310 210 346 U·
233 309 284 348 C.
309 314 532 375 remissa
550 315 676 379 cur&
691 363 707 388 ‚
733 339 932 397 gnarus
957 315 1184 376 facilem
1208 339 1426 377 mutatu
1446 342 1579 400 gen·
1617 351 1620 354 >

128 379 160 494 38
174 391 186 420 ¹
311 421 430 459 tem
448 448 464 472 ‚
503 419 563 458 ut
581 397 811 481 segnem
838 400 908 458 ad
932 400 1176 482 pericula
1194 448 1210 472 ‚
1247 402 1323 459 ita
1344 401 1580 460 infidam
1617 441 1626 450 ·

156 481 167 494 ⁰
310 484 381 543 ad
417 481 744 542 occafioneS.
789 484 1014 541 Barbari
1041 506 1141 564 pro
1170 484 1401 566 ingenio
1430 483 1581 565 quis-

306 589 416 648 que
434 614 450 639 ‚
479 566 573 626 alii
597 589 784 648 preces
807 565 1007 625 offerre
1028 614 1044 638 ,
1069 566 1302 647 quidam
1331 565 1581 628 deserere
1615 570 1618 573 “

302 651 454 709 vicos
472 699 489 723 ,
509 644 569 711 ’δε
593 652 650 707 in
671 649 790 707 avia
813 649 1063 731 digredi:
1098 673 1159 708 ac
1186 647 1340 709 fuere
1361 699 1377 722 ,
1409 652 1506 731 qui
1527 649 1582 711 se
1624 650 1630 652 ,

304 732 574 816 speluncis
595 780 612 805 ,
647 756 709 791 ac
739 733 1006 792 cariffima
1034 733 1223 792 secum
1247 780 1263 804 ‚
1291 734 1580 795 abderent.

303 818 479 899 Igitur
504 864 520 889 ,
565 816 676 875 dux
721 817 1012 875 Romanus
1060 814 1282 876 diverfis
1333 817 1539 876 artibus
1561 865 1581 890 ,

305 897 686 959 misericordia
704 897 962 960 adversus
978 899 1246 983 supplices
1260 948 1277 973 ,
1295 901 1578 961 celeritate
1631 938 1637 940 ν

306 982 565 1043 adversus
588 978 855 1064 profugos
876 1030 894 1056 ,
930 985 1167 1041 immitis
1191 984 1257 1042 iis
1275 1032 1292 1056 ,
1328 985 1424 1064 qui
1448 984 1584 1044 late-

306 1067 430 1125 bras
467 1063 781 1124 insederant
804 1114 820 1138 ‚
868 1088 966 1125 ora
1006 1075 1064 1126 &
1100 1067 1274 1125 exitus
1316 1066 1582 1149 specuum

305 1149 597 1210 sarmentis
649 1148 1011 1230 virgultisque
1061 1149 1370 1230 completos
1400 1198 1417 1223 ,
1464 1150 1586 1233 igni

309 1233 503 1294 exurit.
549 1232 740 1311 Atque
769 1231 932 1290 illum
957 1280 974 1305 ,
1015 1231 1153 1290 fines
1193 1231 1315 1292 suos
1349 1255 1589 1316 praegre-

306 1316 562 1376 dientem
585 1362 601 1386 ‚
637 1313 981 1376 incursavere
1008 1314 1243 1386 Mardi,
1280 1315 1593 1376 latrociniis

308 1399 536 1459 exerciti
568 1444 584 1469 ‚
631 1416 934 1478 contraque
969 1400 1391 1479 inrumpentem
1424 1423 1633 1458 mon-:-

309 1482 457 1545 tibus
497 1478 709 1553 defensi
746 1503 759 1536 z
807 1503 945 1562 quos
992 1479 1250 1539 Corbulo
1274 1529 1290 1554 ‚
1334 1482 1587 1541 immissis

308 1565 526 1637 Iberis,
570 1565 795 1626 vastavit
819 1612 834 1636 ‚
879 1562 1251 1644 hostilemque
1293 1564 1588 1625 audaciam
1639 1605 1642 1607 -

311 1668 541 1710 externo
565 1645 831 1728 sanguine
862 1646 1005 1705 ultus
1034 1647 1124 1705 est.

391 1732 615 1791 XXIV.
645 1732 766 1792 IPSE
789 1727 1164 1809 exercitusque
1188 1773 1206 1798 ,
1246 1748 1308 1788 ut
1331 1727 1497 1789 nullis
1521 1753 1589 1790 ex

309 1813 509 1896 proelio
532 1813 781 1887 damni8‚
810 1814 889 1871 ita
902 1835 1000 1895 per
1022 1811 1273 1894 inopiam
1294 1820 1351 1872 ὃς
1371 1812 1588 1874 labores
1640 1887 1646 1892 ι

311 1896 641 1956 fatiscebant
666 1945 682 1970 ,
732 1919 894 1956 carne
941 1895 1220 1975 pecudum
1269 1895 1587 1979 propulsare
1631 1932 1650 1973 Α·

311 1978 527 2053 famem
551 1979 749 2039 adasti.
771 1978 866 2039 Ad
885 1977 997 2035 haec
1019 1977 1250 2059 penuria
1269 2001 1421 2057 aquae
1441 2027 1457 2051 ‚
1481 1978 1590 2039 fer-

311 2062 443 2121 vida
464 2064 605 2120 aestas
628 2109 644 2134 ,
688 2061 996 2143 longinqua
1018 2061 1217 2119 itinera
1245 2107 1262 2132 ‚
1300 2059 1411 2119 sola
1433 2062 1590 2122 ducis
1641 2094 1645 2098 ·

310 2143 577 2230 patientia
626 2144 1027 2228 mitigabantur
1061 2191 1077 2216 ‚
1136 2142 1342 2202 eodem
1386 2143 1542 2225 plura
1569 2193 1588 2218 ,
1644 2183 1646 2188 ·

311 2229 483 2310 quam
502 2230 754 2311 gregario
771 2228 950 2287 milite
966 2276 982 2300 ‚
1007 2227 1299 2286 tolerante.
1326 2229 1587 2289 Ventum
1639 2236 1653 2306 'f

312 2312 517 2372 dehinc
539 2312 598 2370 in
621 2312 772 2372 locos
796 2310 971 2371 cultos
996 2335 1007 2369 ε
1038 2307 1408 2391 demeffaeque
1431 2309 1599 2394 sege··-
1651 2362 1654 2370 .

313 2416 394 2463 tes
414 2443 430 2467 ‚
462 2403 519 2455 δέ
541 2418 605 2454 ex
628 2396 844 2456 duobus
868 2393 1094 2454 castellis
1115 2443 1132 2466 ,
1161 2394 1220 2452 in
1244 2417 1363 2475 quae
1385 2394 1587 2454 confu-
1632 2453 1634 2455 .

315 2498 510 2562 gerant
529 2478 790 2538 Armenii
807 2528 823 2551 ,
839 2479 1079 2538 alterum
1097 2478 1315 2559 impetu
1331 2499 1554 2559 captum
1568 2502 1594 2556 3,
1650 2496 1655 2525 s

315 2561 414 2648 qui
449 2562 692 2646 primam
731 2561 1220 2644 vimdepulerant
1243 2609 1262 2638 ,
1297 2560 1605 2627 obsidione.
1650 2562 1657 2618 ’ἶ

200 390 244 435 3·

196 457 244 496 C.

154 525 179 565 6
213 552 231 574 .
