1659 2917
266 210 723 257 ANNALitJM
772 192 936 253 Lrn.
980 188 1141 256 XIV.
1234 211 1351 271 207

82 302 278 357 to‘nem
295 296 452 356 Italia
470 294 685 378 depulit
703 341 718 366 ‚
744 302 800 353 ὃ(
821 293 990 351 libros
1010 295 1160 352 exuri
1176 295 1318 375 jussit
1334 343 1350 367 ,
1374 311 1569 351 Ξ

80 403 186 438 con
233 380 418 440 uifitos
446 377 830 458 leititatosque
850 423 866 447 ‚
892 376 1073 434 donec
1100 398 1230 435 cum
1253 401 1353 459 pe-
1375 370 1424 411 A.
1441 369 1491 406 U·
1513 365 1568 404 C·

79 403 256 523 ‘ricuio
281 464 643 548 parabantur:
673 483 805 521 mox
828 460 1054 519 licentia
1077 459 1352 536 habendi,
1401 443 1526 558 58¹5&

75 546 433 608 oblivionem
462 545 663 607 attulit.
1428 539 1540 631 ’ἐπ”

163 634 253 690 LI.
282 635 388 691 SED
418 627 862 714 gravescentibus
887 627 946 684 in
971 626 1090 687 dies
1116 627 1352 710 publicis

77 713 240 772 malis
261 762 277 785 ,
319 713 558 773 subfidia
589 711 988 771 minuebantur
1017 736 1030 769 :
1071 712 1354 777 conceffit-n

72 818 185 875 que
227 797 339 856 vita
376 799 576 856 Burrus
609 844 624 870 ‚
670 797 949 867 incertum
985 795 1308 858 valetudine
1334 845 1352 869 ,

73 901 142 936 an
166 902 403 942 veneno.
419 878 708 944 Valetudo
733 902 798 939 ex
821 902 889 939 eo
914 878 1348 960 conjectabatur}

69 962 227 1042 quod
243 965 301 1023 in
322 963 376 1024 se
399 963 835 1024 tumescentibus
855 962 1145 1045 paullatim
1173 960 1351 1021 fauci-

72 1044 173 1104 bus
190 1049 546 1131 &impedito
567 1067 787 1118 meatu,
816 1045 1070 1129 spiritum
1097 1045 1345 1108 finiebat⁴

68 1128 258 1188 Plures
301 1129 444 1212 juffu
481 1131 721 1191 Neronis
759 1178 775 1203 ‚
826 1130 976 1211 quasi
1024 1129 1346 1189 remedium

67 1212 428 1274 adhiberetur
449 1265 466 1289 ‚
488 1214 737 1274 'inlitum
764 1214 1011 1294 palatum
1037 1220 1151 1295 ejus
1177 1215 1346 1273 noxio

65 1297 446 1357 medicamine
471 1347 487 1370 ‚
503 1337 505 1340 v
521 1297 919 1357 adseverabant
944 1322 955 1355 :
990 1306 1048 1358 ὃ(
1068 1299 1307 1357 Burrum
1323 1345 1343 1371 ‚

59 1378 352 1441 intellecto
375 1379 579 1441 scelere
602 1428 619 1452 ,
643 1379 774 1439 cum
796 1380 867 1438 ad
891 1380 1185 1440 visendum
1208 1404 1342 1441 eum

58 1463 321 1547 Princeps
344 1462 577 1525 venisset
598 1513 615 1537 ‚
658 1461 938 1544 aspeffihim
979 1472 1095 1547 ejus
1130 1465 1342 1524 aversa-2

58 1565 184 1604 tum
201 1595 217 1619 ‚
232 1546 556 1620 sciscitanti,
569 1576 600 1598 α
617 1547 880 1606 hactenus
895 1577 928 1600 22
941 1594 957 1618 ,
984 1547 1340 1630 respondisse,

64 1652 225 1688 aecro
247 1655 340 1690 me
366 1632 512 1691 bene
542 1631 723 1690 habeo
744 1660 802 1690 22.
849 1631 1086 1690 Civitati
1125 1632 1339 1712 grande

55 1682 401 1773 desiderium
436 1721 551 1793 ejus
588 1712 786 1772 mansit
810 1762 826 1786 ,
864 1734 962 1794 per
995 1715 1352 1773 memoriam‘

54 1795 275 1879 yirtutis
300 1845 316 1869 ‚
365 1806 422 1857 δε
458 1796 826 1856 successorum
852 1796 1073 1856 alterius
1103 1796 1337 1880 segnem

53 1877 485 1952 innocentiam,
531 1880 752 1940 alterius
791 1880 1205 1963 flagrantissima
1243 1882 1336 1940 fla·-

55 1961 195 2045 gitia
242 1972 299 2024 &
346 1963 618 2023 adulteria
648 1989 661 2022 t
712 1964 846 2046 quip
889 1988 917 2023 e
966 1964 1148 2024 Caesar
1195 1964 1337 2024 duos

53 2047 320 2127 praetoriis
343 2048 665 2108 cohortibus
684 2047 842 2131 impo
869 2069 1058 2107 uerat:
1097 2048 1336 2108 Fenium

49 2126 272 2189 Rufum
297 2179 313 2203 ,
359 2155 423 2192 ex
453 2131 605 2214 vulgi
630 2130 823 2191 favore
847 2180 863 2204 ‚
898 2132 1030 2213 quia
1062 2155 1184 2192 rem
1215 2130 1335 2191 fru-

46 2214 390 2277 mentariam
418 2215 529 2275 fine
554 2198 764 2297 quaestu⁹
783 2216 1050 2275 trastabat
1073 2241 1085 2274 :
1117 2217 1336 2299 Sopho-

49 2294 212 2353 nium
231 2298 308 2355 Ti
351 2299 586 2358 ellinum
603 2349 622 2373 ‚
640 2321 892 2359 veterem
916 2300 1333 2382 impudicitiam

53 2398 222 2460 atque
249 2323 547 2441 in{amiam
574 2384 633 2442 in
663 2407 731 2442 eo
759 2382 989 2443 secutus,
1031 2383 1222 2464 Atque
1246 2384 1333 2441 ilii

49 2483 152 2543 pro
183 2466 421 2546 cognitis
449 2467 711 2525 'moribus
747 2464 901 2526 fuere
926 2493 940 2526 ι
971 2467 1209 2528 validior
1230 2468 1332 2524 Ti-

50 2543 290 2626 gellinus
330 2551 390 2609 in
424 2551 617 2609 animo
649 2550 919 2634 Principis
949 2600 967 2623 ,
1017 2559 1075 2611 &
1113 2550 1329 2609 intimis

46 2625 378 2694 libidinibus
424 2634 744 2718 adsumptus
777 2660 789 2694 :
837 2633 1098 2719 prospera
1135 2631 1329 2717 populi
