1659 2917
62 242 253 268 a

65 271 77 279 μ

64 294 115 336 Α.
133 296 182 334 U.
203 295 253 334 C.

108 365 216 413 817.

99 439 136 479 J.
167 441 218 480 C.

115 510 195 565 64.

279 126 392 200 258
471 121 544 179 C.
586 123 1021 182 CORNELM
1070 121 1365 181 TAcrrr

276 224 475 292 Lume,
494 228 552 279 ὃς
569 221 787 303 Magna
807 243 898 280 ara
916 218 1223 303 fanumque
1239 269 1254 294 ‚
1278 244 1397 303 quae
1419 239 1551 304 prae-
1582 235 1587 241 “

277 302 421 363 senti
458 302 687 363 Herculi
714 303 886 363 Arcas
916 304 1171 364 Evander
1202 304 1502 364 sacraverat
1529 353 1549 378 ‚
1577 312 1598 339 ⁴*

279 385 529 468 aedesque
579 389 806 446 Statoris
860 390 892 451 J
898 388 1013 446 ovis
1070 409 1201 447 vota
1249 387 1500 447 Romulo
1530 435 1550 460 ‚

278 472 334 530 N
339 493 589 552 umaeque
614 471 791 553 regia,
818 479 873 531 ὃς
895 470 1195 530 delubrum
1217 471 1396 530 Vestae
1418 494 1551 529 cum
1588 513 1590 517 v

275 554 568 638 penatibus
604 554 794 637 populi
821 554 1113 627 Romani,
1156 555 1353 613 exusta.
1418 555 1549 616 Jam

275 661 408 721 opes
434 659 518 698 tot
545 639 785 698 viffitoriis
812 637 1041 719 quaefitae
1058 677 1085 709 ᾖ
1131 645 1188 696 &
1229 641 1549 695 Graecarum
1580 680 1585 686 ,
1609 686 1613 690 .

273 722 480 782 artium
528 722 729 781 decora
757 770 774 794 ‚
820 722 947 781 exin
996 721 1352 780 monimenta
1389 720 1551 802 inge-

273 806 502 864 niorum
540 807 770 886 antiqua
796 813 852 865 &
881 807 1216 886 incorrupta.
1276 804 1554 878 Quamvis

274 889 336 948 in
363 888 515 948 tanta
542 887 873 971 resurgentis
899 888 1072 946 Urbis
1096 886 1512 969 pulchritudine
1533 932 1552 958 ‚

275 972 458 1031 multa
476 969 715 1032 seniores
739 972 1118 1031 meminerant
1137 1017 1154 1042 ‚
1175 992 1294 1051 quae
1315 970 1554 1051 reparari

276 1055 604 1135 nequibant.
650 1057 821 1114 Fuere
865 1055 964 1135 qui
1007 1054 1340 1113 adnotarent
1362 1102 1379 1127 ‚
1423 1076 1553 1112 x1v.

275 1139 400 1199 Kal.
441 1137 670 1198 Sextiles
717 1138 1057 1220 principium
1101 1137 1351 1195 incendii
1393 1136 1557 1216 hujus

275 1244 466 1282 ortum
487 1269 503 1294 ‚
553 1245 665 1302 quo
705 1230 761 1281 &
799 1224 1044 1281 Senones
1087 1240 1308 1302 captam
1355 1219 1556 1278 urbem
1592 1258 1601 1267 ι

274 1306 780 1365 inflammaverant.
829 1302 947 1363 Alii
977 1307 1046 1364 eo
1071 1301 1241 1384 usque
1267 1301 1393 1361 cura
1422 1324 1555 1384 pro-

277 1388 436 1471 greffi
460 1385 586 1446 sunt
609 1434 626 1459 ‚
663 1407 725 1446 ut
755 1386 998 1461 totidem
1031 1383 1558 1465 annosmensesque

277 1480 336 1533 δέ
359 1471 477 1530 dies
506 1471 651 1529 inter
687 1491 920 1550 utraque
951 1468 1214 1527 incendia
1238 1488 1559 1528 numerent.

359 1556 545 1614 XLII.
563 1555 617 1609 C
636 1576 663 1610 E
681 1576 715 1610 τ
733 1576 760 1610 E
777 1575 859 1612 Ru
879 1575 927 1610 M
956 1553 1110 1610 Nero
1131 1549 1255 1609 usus
1281 1552 1355 1610 est
1372 1551 1560 1633 patriae

277 1636 449 1713 ruinis
467 1685 483 1709 ‚
509 1635 875 1716 exstruxitque
899 1634 1141 1693 domum
1159 1682 1175 1706 ,
1195 1634 1255 1691 in
1278 1632 1387 1714 qua
1408 1633 1563 1693 haud
1587 1661 1591 1666 ·

275 1721 511 1804 perinde
530 1743 769 1803 gemmae
784 1728 841 1779 δε
860 1741 1058 1777 aurum
1076 1716 1347 1775 miraculo
1364 1715 1561 1790 effent,
1586 1756 1588 1758 v
1608 1775 1610 1777 .

276 1803 439 1864 solita
486 1804 708 1887 pridem
730 1852 748 1877 ,
791 1811 849 1863 &
892 1801 1023 1862 luxu
1071 1800 1299 1883 vulgata
1324 1848 1341 1873 ‚
1384 1801 1608 1882 quarn&¹

278 1911 409 1948 arua
434 1897 491 1948 δε
513 1890 731 1969 stagna,
761 1895 819 1947 δε
840 1887 899 1944 in
923 1884 1164 1944 modum
1187 1883 1560 1944 solitudinum
1581 1894 1611 1934 ’θ’

277 1972 410 2031 hinc
431 1970 600 2042 silvae,
626 1970 760 2029 inde
782 1990 969 2052 aperta
987 1967 1160 2051 spatia
1181 2015 1197 2039 ‚
1221 1976 1279 2028 δε
1301 1966 1562 2050 prospec-
1597 1984 1612 2038 ,ζ

280 2074 404 2115 tus:
445 2054 715 2135 magistris
751 2061 809 2112 δε
840 2050 1317 2111 machinatoribus
1353 2053 1563 2111 Severo
1590 2063 1606 2122 ζ’,

280 2146 340 2198 &
377 2136 582 2197 Celere
607 2185 624 2208 ‚
669 2135 870 2218 quibus
905 2134 1203 2218 ingenium
1238 2142 1297 2194 ὃς
1329 2134 1560 2194 audacia
1587 2165 1613 2210 ῃ

280 2242 399 2281 erat
418 2269 434 2293 ‚
461 2221 632 2280 etiam
657 2244 777 2302 quae
801 2240 997 2279 natura
1023 2215 1400 2300 denegavisset
1417 2265 1434 2290 ,
1460 2239 1566 2301 per
1578 2215 1611 2302 {ss

281 2324 462 2364 artem
503 2325 717 2364 tentare
736 2352 754 2377 ,
795 2313 854 2364 δε
882 2303 1091 2363 viribus
1117 2301 1387 2384 Principis
1414 2300 1562 2362 inlu-
1587 2306 1597 2365 ’ζ-

283 2387 434 2447 dere.
489 2389 751 2469 Namque
781 2416 813 2439 oc
832 2387 902 2446 ab
925 2386 1049 2447 lacu
1069 2386 1300 2460 Averno
1328 2385 1560 2468 naviga-

281 2469 503 2530 »bilem
523 2469 724 2530 fossam
742 2470 913 2553 usque
933 2471 1004 2530 ad
1026 2471 1158 2529 ostia
1168 2468 1444 2528 Tiberina
1463 2468 1566 2529 de*
1582 2447 1617 2532 ’ᾗ

282 2583 317 2612 υ
326 2551 595 2641 Ρῐείῖἶιῐοε
607 2585 639 2609 22
651 2553 1019 2639 promiserant
1037 2600 1054 2627 ,
1075 2552 1350 2636 squalenti
1372 2489 1611 2629 litorej'
