1637 2917
345 177 802 222 ANNArruM
849 163 1111 224 Nom.
1226 184 1371 244 '45¹

101 260 320 330 Caligula
339 275 515 373 ccxstptus
533 299 545 321 ,
570 278 597 308 a
617 260 809 310 Nerone
833 263 1061 337 perfeftus
1082 262 1158 311 est.
1176 259 1376 327 Triplici

406 344 428 374 e

78 332 200 391 ·ejus
226 345 358 376 muro
431 328 744 392 ptemtrionali
777 329 985 375 innuitur
1012 346 1118 393 pars
1150 329 1376 376 meridio-

101 396 217 442 nalis
242 392 450 442 Ecclefiae
471 394 519 443 S.
538 392 675 441 Petri.
707 391 947 443 Obeliscus
969 411 1119 443 autem
1141 434 1152 455 ,
1188 398 1265 461 qui
1291 394 1376 446 fuit

48 489 52 494 ·
95 462 149 510 in
187 460 278 508 hoc
311 462 432 508 circo
455 499 466 519 ,
515 477 638 510 nunc
680 461 761 509 stat
795 477 901 509 ante
936 461 1078 508 aedem
1119 462 1182 509 D.
1216 460 1376 523 Petri,

96 543 175 576 ma
214 545 274 574 no
305 543 529 592 apparatu
567 525 839 594 sumptuque
868 544 897 574 a
929 527 1058 574 Sixto
1094 527 1157 576 V.
1188 527 1376 593 positus-

164 544 304 642 Igiaud
327 593 572 659 promiscuo
583 592 852 659 fiveflaculo.
883 591 1073 658 Nempe
1094 592 1269 643 tantum
1291 613 1374 645 co-

98 675 198 708 ram
236 659 410 708 aulicis-

160 789 286 840 CAP.
307 789 424 841 XV.
457 785 756 838 Juvenalium
785 787 1016 841 vocabulo,
1049 790 1290 840 Ludorum
1314 792 1376 842 il-

92 857 247 906 lorum
273 855 371 905 usus
395 854 517 921 apud
534 857 742 921 posteros
765 856 939 905 manfit.
960 856 1269 925 Kalendisque
1290 860 1369 912 Ja-

93 926 243 971 nuarii
284 922 626 971 celebrabantur
652 961 664 983 ‚
707 925 812 971 teste
843 923 1038 972 Sidonio
1070 923 1374 990 Apollinari,

92 988 256 1041 Carm.
279 988 482 1050 XXIII,
517 1006 604 1052 307
629 996 672 1036 &
702 987 828 1056 seqq.

68 1056 71 1057 ⁷
157 1055 200 1104 F
198 1056 357 1104 eminae
376 1053 597 1104 inlustres.
615 1054 714 1103 Has
733 1057 1217 1106 intermemorandum
1232 1058 1373 1108 senile

90 1118 226 1170 AEliae
251 1122 441 1170 Catellae
460 1116 742 1187 propudium
764 1162 775 1182 ‚
801 1140 927 1189 quae,
954 1124 1196 1192 octoginta
1220 1143 1371 1175 annos

90 1204 199 1236 nata
219 1227 231 1248 ,
263 1187 450 1236 saltavit.
483 1188 581 1235 Dio
608 1186 756 1248 LXI,
788 1206 899 1255 pag.
925 1193 1033 1236 608.

160 1253 333 1302 Navali
345 1253 523 1318 stagno.
564 1251 669 1301 Fuit
694 1256 745 1301 in
768 1271 868 1303 XIV
889 1253 1032 1303 Urbis
1063 1257 1255 1323 regione
1275 1296 1289 1319 ,
1321 1271 1371 1308 ut

91 1317 286 1368 diximus
312 1318 446 1385 supra
465 1319 638 1367 Annal.
662 1319 787 1381 XII,
813 1329 889 1377 56.

175 1385 511 1449 Dabunturque
554 1384 714 1449 stipes.
788 1387 1033 1434 Dabantur
1077 1404 1104 1435 a
1154 1386 1370 1454 Principe

87 1453 298 1517 pecuniae
320 1490 333 1512 ‚
371 1467 484 1520 quas
523 1451 571 1498 in
610 1450 679 1498 his
715 1454 938 1516 cauponis
970 1449 1218 1520 ganeisque
1255 1455 1368 1503 boni

88 1517 344 1566 necessitate
385 1557 398 1578 ,
452 1519 809 1580 intemperantes
864 1519 1013 1583 gloria
1059 1519 1369 1588 jactantiaque

82 1583 330 1634 libidinum
351 1621 363 1642 ,
399 1580 736 1630 consumerent.
1283 1643 1289 1645 ‚

61 1696 66 1702 ,
159 1647 468 1715 Cognomenro
518 1645 896 1713 Augustanorum.
969 1647 1186 1712 Quorum
1232 1649 1370 1701 duces

85 1713 379 1782 quadragena
422 1711 563 1763 millia
603 1712 691 1762 HS
712 1752 726 1773 ‚
764 1712 957 1762 Gallicae
996 1732 1194 1764 monetae
1230 1718 1366 1766 libras

89 1785 201 1843 7,78
221 1798 236 1830 1
259 1820 273 1844 ,
292 1779 551 1843 merebant,
575 1781 682 1828 teste
699 1780 922 1829 Suetonio
942 1782 992 1828 in
1013 1779 1129 1830 Ner.
1148 1782 1268 1850 Cap.
1289 1803 1366 1833 20.

155 1910 439 1962 CAP.XVI.
474 1909 684 1961 Necdum
702 1909 897 1978 insignis
916 1911 1068 1961 aetcztz's
1086 1912 1197 1965 nati.
1234 1914 1368 1964 Mal-

85 1980 211 2039 lem,
245 1975 407 2043 quibus
434 1975 584 2041 aliqua
608 1977 839 2045 pangendi
866 1976 1074 2039 facultas·
1093 2018 1108 2041 ‚
1145 1997 1229 2030 nec
1261 1979 1383 2031 dum‘

30 2042 38 2046 ’
84 2043 175 2111 inst
206 2043 296 2094 nis.
339 2041 500 2092 AErate
528 2060 695 2107 pares,
729 2042 953 2110 confidere
970 2043 1128 2110 simul.

6 2162 14 2166 ,
153 2063 218 2159 {t
234 2108 412 2159 allatos.
425 2109 470 2156 A
486 2108 679 2159 Nerone
699 2112 859 2159 allatos
872 2149 885 2171 ‚
916 2126 964 2158 ut
986 2112 1184 2177 explicat
1207 2112 1362 2161 illustr.

85 2176 306 2229 Huetius.
351 2174 494 2240 Apud
513 2195 598 2225 nos
621 2180 775 2242 priore
795 2175 956 2225 saeculo
978 2180 1125 2245 viguit
1146 2179 1224 2228 illa
1251 2177 1364 2244 sup-

11 2264 14 2267 ·
86 2245 319 2310 pletorum
353 2239 559 2292 versuum
594 2243 771 2294 insania
791 2283 804 2306 ‚
841 2261 957 2312 quos
991 2244 1253 2295 dicebamus
1283 2245 1363 2295 des

88 2310 219 2360 bolus
252 2307 405 2359 rime's.
705 2319 708 2321 “

158 2376 209 2427 U
194 2376 305 2441 fiJue
318 2373 547 2423 contraria
562 2373 933 2440 adseverantium.
945 2375 1071 2428 cum
1083 2377 1179 2430 haec
1193 2397 1360 2445 parum

84 2459 264 2492 curaret
282 2440 416 2489 Nero
439 2479 453 2502 ,
487 2442 612 2509 iique
636 2442 847 2491 doctores
871 2461 960 2508 pro
982 2464 1113 2495 more
1139 2444 1217 2494 suo
1238 2463 1361 2494 con-

0 2507 4 2565 J
80 2511 225 2558 traria
259 2497 569 2557 adseve'rarent
590 2548 604 2570 ,
639 2509 746 2558 inde
785 2509 1006 2561 clamores
1035 2552 1048 2574 ,
1088 2514 1193 2560 rixae
1218 2550 1230 2571 ,
1267 2512 1357 2560 dis-

3 2631 5 2635 .
85 2575 254 2624 cordiae
277 2574 546 2623 eruebantur
566 2595 576 2623 ε
608 2574 846 2624 irridendae
861 2615 873 2637 ‚
894 2577 1033 2644 quam
1051 2576 1357 2646 perdiscendae

7 2664 10 2667 ’
83 2640 316 2709 sapientiae
347 2639 526 2692 curioso
557 2645 705 2711 magis
731 2642 961 2710 Principe.
