1659 2917
231 154 707 199 ANNAMUM
753 136 921 194 Lm.
965 136 1100 197 XV.
1204 158 1310 216 243

44 237 455 299 §demeremur
483 281 500 307 ,
550 234 724 315 quam
779 234 918 293 dum
967 235 1324 296 offendimus.
1352 259 1543 303 Ξέι

54 320 374 398 »Quaedam
408 320 592 376 immo
618 318 849 376 virtutes
876 318 1011 376 odio
1036 318 1159 378 sunt
1183 368 1199 393 ‚
1240 319 1326 380 se-
1349 320 1399 364 Α·
1420 322 1468 361 U·
1490 321 1541 360 C.

0 443 1 461 ι
52 404 296 467 ”veritas
314 403 584 462 obstinata
599 449 615 474 ‚
636 401 870 460 invictus
893 401 1186 461 adversum
1208 427 1327 486 gra-
1393 391 1501 439 8¹5·

0 517 4 526 ν
54 488 239 548 ”tiam
270 488 506 546 animus·
556 483 698 545 Inde
723 484 886 543 initia
909 487 1327 567 magistratuum
1387 463 1507 578 ³⁰6?

0 567 2 569 ’
54 573 415 631 mnostrorum
442 567 678 629 meliora
700 565 880 628 ferme
899 617 914 641 ‚
942 577 1000 628 δε
1023 568 1147 628 finis
1172 571 1329 629 incli-
1475 563 1493 586 ³

57 676 198 714 „nat
222 702 238 726 ‚
275 654 415 712 dum
437 701 454 726 ‚
494 655 554 710 in
590 651 828 711 modum
862 651 1288 712 candidatorum
1313 703 1333 728 ,

56 736 355 819 „suffragia
377 736 759 816 conquirimus
782 761 794 793 ι
820 758 939 815 quae
963 734 1002 793 fi
1025 758 1335 810 arceantur,

57 821 362 902 :naequalius
421 840 589 900 atque
644 818 977 879 constantius
1038 821 1336 902 provinciae

59 927 164 965 aare
206 925 404 963 entur:
442 926 575 960 narn
605 924 667 961 ut
701 923 857 962 metu
898 904 1337 986 repetundarum

61 928 338 1047 „ingratia
360 987 588 1046 avaritia
605 988 708 1058 est,
725 987 823 1058 ita,
845 986 1016 1046 vetita
1035 988 1341 1070 gratiarum

60 1072 325 1132 »astione
352 1118 367 1143 ‚
405 1071 642 1129 ambitio
666 1070 1034 1129 cohibetur».

154 1156 348 1214 XXII.
385 1155 624 1212 MAGNO
665 1151 874 1213 affensu
908 1152 1186 1212 celebrata
1220 1151 1342 1212 sen-

66 1239 258 1300 tentia.
294 1238 427 1297 Non
451 1259 642 1296 tamen
666 1235 1196 1296 senatusconsultum
1221 1260 1348 1320 per-

67 1322 160 1382 fici
203 1321 388 1405 potuit
412 1368 428 1392 ‚
468 1320 841 1379 abnuentibus
882 1318 1197 1379 consulibus
1231 1319 1346 1379 acea

66 1404 185 1465 nde
209 1428 266 1464 re
292 1403 530 1463 relatum
548 1433 580 1457 ω
594 1449 606 1462 .
625 1404 772 1462 Mox
786 1452 802 1476 ,
826 1407 1048 1463 au&ore
1066 1404 1346 1487 Principe,

68 1488 292 1550 sanxere
309 1536 326 1561 ,
349 1515 382 1539 oc
400 1510 471 1547 ne
499 1488 623 1568 quis
641 1487 714 1547 ad
738 1486 1043 1546 concilium
1066 1486 1348 1547 sociorum

67 1570 346 1632 anteferret
364 1618 380 1642 ‚
402 1570 643 1653 agendas
668 1571 816 1652 apud
838 1570 1091 1629 senatum
1115 1594 1350 1653 proprae-

69 1656 328 1716 autoribus
352 1651 838 1735 proveconsulibus
859 1675 1067 1734 grates,
1092 1677 1200 1714 neu
1221 1654 1348 1734 quis

71 1738 182 1799 mea
204 1737 484 1820 legatione
509 1734 835 1819 fungeretur
851 1765 908 1795 20.
927 1735 1135 1797 Iisdem
1157 1734 1352 1796 consu-

75 1822 249 1894 libus,
313 1818 622 1898 ymnafium
646 1821 758 1878 ictu
782 1818 1034 1880 fulminis
1057 1821 1355 1902 conflagra-

75 1906 190 1978 vit,
219 1927 248 1964 e
315 1901 540 1986 giesque
563 1903 621 1960 in
651 1926 720 1963 eo
747 1904 985 1962 Neronis
1011 1904 1082 1964 ad
1103 1902 1355 1964 informe

80 2009 148 2050 aes
193 1984 510 2070 liquefacta.
573 1989 641 2046 Et
685 2007 847 2046 motu
893 2008 1048 2047 terrae
1072 2037 1087 2062 ‚
1132 1987 1355 2047 celebre

81 2070 409 2154 Campaniae
453 2070 728 2153 oppidum
748 2119 764 2144 ‚
807 2072 1064 2154 Pompeii
1091 2119 1107 2143 ‚
1150 2068 1357 2150 magna

58 2174 62 2177 ’
85 2180 153 2218 ex
177 2175 327 2238 parte
349 2155 576 2235 proruit.
614 2153 1012 2235 Defunstaque
1034 2155 1194 2239 virgo
1214 2152 1361 2216 Ves-

88 2239 213 2299 talis
244 2236 410 2296 Laelia
433 2283 450 2307 ‚
487 2237 546 2295 in
584 2246 735 2319 cujus
774 2236 964 2296 Iocum
995 2238 1266 2299 Cornelia
1293 2259 1361 2299 ex

93 2318 310 2383 familia
335 2316 637 2380 Cofforum
663 2342 822 2404 capta
845 2323 935 2381 est.
1387 2357 1435 2398 A.
1456 2359 1505 2397 U,
1523 2355 1578 2396 C.

187 2405 404 2463 XXIII.
442 2404 711 2465 MEMMIO
744 2404 968 2488 Regulo
1002 2412 1061 2464 δε
1083 2405 1360 2488 Verginio
1440 2432 1549 2475 816.

96 2485 255 2548 Rufo
292 2485 604 2548 consulibus
631 2535 648 2560 ‚
691 2510 882 2548 natam
911 2488 1010 2548 fibi
1041 2512 1105 2548 ex
1134 2488 1364 2573 Poppaea
1431 2514 1466 2555 1.
1487 2512 1538 2552 c.

104 2571 281 2634 filiam
316 2571 469 2632 Nero
503 2571 646 2634 ultra
682 2572 920 2638 mortale
963 2572 1232 2715 gassdium
1276 2597 1368 2634 ac-
1454 2588 1533 2647 ⁶3·

1111 2677 1149 2738 ¹1
