1637 2917
245 144 406 201 Lrn.
449 138 611 198 XVI.
659 130 1132 201 ANNAL1uM.
1223 163 1337 220 331

67 260 234 325 grata.
272 240 400 301 Jam
430 237 682 299 didiciffe
707 239 881 298 ardet.
930 239 1223 323 Discipulo
1249 241 1338 302 su-
1361 264 1565 296 επ·

62 323 263 407 petbus
307 323 590 382 Tiridates
618 370 634 395 ,
677 322 1055 404 magisterium
1102 326 1336 386 orditur.
1357 328 1407 367 A.
1429 328 1556 368 U·C·

62 409 222 466 Tum
247 405 387 465 visus
415 407 641 489 imperii
666 406 914 464 Romani
939 407 1142 467 arbiter
1164 410 1338 469 Chal-
1404 398 1514 445 8¹9·

63 490 235 549 daicis
264 491 600 550 vanitatibus
622 488 883 549 famulari
904 536 921 561 ‚
958 490 1167 549 initiari
1188 495 1336 553 cenis
1399 471 1517 583 ζόα

62 573 294 656 magicis
309 623 325 647 ‚
349 574 610 635 veneficis
627 574 832 634 artibus
848 622 865 646 ‚
887 597 1006 654 quae
1027 577 1087 632 in
1109 578 1339 658 magicis
1476 568 1497 588 ⁸

63 656 390 740 praepollent
411 707 432 730 ‚‚
448 658 631 717 imbui
652 684 663 717 z
690 657 892 740 magna
913 657 1149 738 quidem
1171 661 1344 721 Urbis

62 739 340 819 infamia3
385 749 597 821 majore
629 763 819 801 tamen
846 741 1192 802 documento
1220 745 1342 803 ina-

61 846 197 883 nem
238 832 295 884 &
337 824 712 885 intestabilem
757 821 864 885 effe
910 846 1128 898 artem,
1170 850 1342 908 quam

62 930 246 987 neque
285 906 488 968 docere
531 906 742 991 posset,
789 908 887 989 qui
924 931 1161 991 regnum
1196 911 1343 969 acci-

59 1010 216 1074 peret
241 1038 258 1063 ,
298 1015 482 1074 neque
520 990 728 1052 valeret
759 990 1001 1052 ediscere
1025 1041 1042 1066 ,
1079 994 1178 1075 qui
1212 994 1340 1054 orbi

59 1096 379 1156 lmperaret.

142 1158 435 1218 XLV-AT
458 1157 586 1216 licet
610 1155 766 1217 elusae
789 1154 905 1237 spes
928 1205 944 1228 ‚
974 1156 1125 1216 haud
1144 1156 1346 1216 immi-

60 1262 196 1301 nuta
225 1241 525 1302 liberalitas
554 1289 571 1314 ‚
612 1240 849 1321 largiore
890 1239 1109 1323 semper
1133 1242 1346 1300 Princi‹

58 1348 197 1408 pum
222 1323 609 1403 munificentia
632 1372 649 1397 ,
688 1323 819 1382 cum
847 1320 1119 1383 falluntur
1143 1326 1341 1406 magis,

57 1409 236 1491 Igitur
267 1457 284 1481 ‚
335 1408 599 1489 'quamvis
652 1408 977 1488 octingenta
1034 1408 1343 1468 nummfim

58 1491 240 1551 millia
283 1491 482 1551 diurna
515 1490 764 1551 Tiridati
801 1489 1028 1551 fuiffent
1069 1512 1295 1574 erogata
1320 1539 1340 1566 ,

57 1575 290 1636 abeunti
315 1574 475 1658 super
499 1573 805 1633 sestertium
838 1574 1044 1633 millies
1070 1575 1345 1636 collatum

57 1661 152 1720 est.
202 1656 537 1719 Petmiffum
560 1657 742 1717 adhuc
766 1678 825 1718 ut
847 1658 1143 1731 Artaxata,
1176 1662 1304 1720 ante
1323 1708 1346 1735 ,

59 1762 122 1802 ut
146 1741 304 1825 supra
329 1763 711 1802 memoratum
734 1789 751 1814 ,
792 1740 977 1801 deleta
999 1743 1343 1806 instauraret.

59 1827 202 1886 Dari
227 1849 455 1908 quoque
486 1825 719 1886 artifices
744 1873 760 1898 ‚
785 1826 986 1908 quibus
1007 1828 1346 1909 complureS,

59 1909 324 1970 mercede
363 1910 669 1969 condrustos
695 1957 712 1982 ,
750 1910 1020 1992 adjunxit.
1087 1913 1175 1970 Sic
1213 1935 1342 1995 gra-

59 1994 215 2055 viore
232 1993 529 2076 impendio
547 1993 706 2053 datus
723 1992 1008 2053 Armeniae
1028 2018 1149 2069 rex,
1170 1995 1348 2078 quam

61 2077 201 2138 olim
227 2075 484 2138 confecsta
510 2077 660 2138 bella
687 2078 950 2138 maxima.

145 2163 358 2222 XLVI.
413 2167 474 2222 11
497 2185 518 2220 s
570 2167 758 2222 anetus
806 2161 1135 2222 muneribus
1164 2209 1180 2234 ‚
1237 2183 1344 2223 nec

61 2246 248 2329 patriae
283 2244 688 2327 superstitionis
721 2244 986 2306 sollicitus
1008 2295 1025 2319 ,
1057 2245 1346 2308 Tiridates

60 2328 355 2389 Brundifio
394 2327 558 2389 solvit
583 2378 599 2403 ,
635 2330 1014 2410 Dyrrhacium
1052 2331 1341 2413 petiturus.

62 2413 203 2473 Inde
246 2412 386 2472 Afiae
435 2413 599 2472 urbes
643 2412 828 2473 invifit
864 2463 881 2487 ‚
933 2415 1160 2497 imperii
1205 2437 1340 2497 opes
1420 2466 1431 2473 ,

63 2495 339 2577 vanasque
368 2497 636 2581 Principis
672 2521 825 2559 curas
863 2497 1052 2580 passim
1092 2498 1340 2558 miratus·

21 2623 23 2626 <
62 2580 341 2643 Nondum
366 2579 701 2642 Armeniam
725 2603 840 2645 erat
864 2579 1129 2666 ingressus
1151 2627 1179 2653 ,γ
1205 2580 1344 2647 cum,
