1659 2917
318 104 425 159 168
505 95 578 156 C..
615 95 1064 157 CORNELH
1110 99 1436 160 TAcx·r1-

89 223 282 249 =====
310 197 541 258 Obtulit
558 197 850 339 iffenium
865 197 1134 256 Anicetus
1153 197 1381 259 libertus
1399 248 1416 273 ,
1438 198 1581 259 claffi

623 304 652 340 e

91 274 280 321 A.,1J.c.
311 282 460 364 apud
504 283 577 340 M

131 350 242 393 812.

128 423 248 465 JC.

108 526 113 533 ,
141 503 223 550 59.

656 304 794 339 num
841 278 1123 363 praefecstus
1157 327 1174 353 ,
1233 291 1291 342 &
1334 284 1580 365 pueritiae

313 366 552 424 Neronis
576 364 840 423 educator
857 411 874 435 ,
901 388 960 422 ac
985 365 1193 423 mutuis
1215 365 1358 424 odiis
1379 365 1581 447 Agrip-

311 446 451 532 pinae
488 446 706 507 invisus.
773 449 918 529 Ergo
950 469 1199 506 cenavem
1237 446 1384 530 posse
1422 471 1581 506 com-

308 532 537 615 aponi»
569 531 767 601 docet,
801 538 999 612 occujus
1063 552 1142 588 ars
1162 577 1179 602 ,
1215 530 1332 612 ipso
1354 532 1412 588 in
1438 531 1580 590 mari

305 637 448 698 :uper
484 635 663 673 artem
701 611 914 685 soluta,
957 553 1268 677 effiinderet
1307 614 1579 696 ignaram.

305 697 509 758 „Nihil
553 718 668 756 tam
715 718 879 777 capax
929 692 1291 754 fortuitorum
1331 744 1348 769 ,
1405 697 1580 777 quam

305 803 544 856 aomare3
596 789 654 838 δε
700 778 739 837 fi
785 775 1075 860 naufragio
1119 780 1426 861 intercepta
1470 779 1579 852 fit,

305 887 523 945 »quem
539 862 680 920 adeo
700 861 957 942 iniquum
973 909 990 933 ,
1012 882 1072 920 ut
1091 860 1282 921 sceleri
1297 861 1547 944 adsignet
1561 910 1580 935 ,

306 947 506 1027 „quod
533 945 689 1004 venti
722 953 776 1004 δέ
801 945 994 1003 fluctus
1024 945 1367 1025 ,deliquerint
1394 950 1413 1004 ?
1457 944 1582 1004 Ad.-

306 1061 341 1085 υ
353 1031 603 1088 diturum
624 1028 946 1109 Principem
971 1026 1244 1086 defunCtae
1268 1026 1545 1110 templum
1562 1075 1580 1101 ‚

306 1122 410 1173 »δε
443 1134 557 1170 aras
587 1158 603 1183 ‚
645 1119 702 1170 &
737 1130 921 1168 cetera
947 1112 1278 1169 ostentanda:
1313 1112 1583 1193 pietatin.

394 1197 500 1257 IV.
531 1198 794 1255 PLAcmT
820 1191 1040 1252 solertia
1066 1241 1082 1265 ,
1127 1215 1380 1276 tempore
1408 1195 1581 1253 etiam

308 1289 461 1363 juta,
503 1277 730 1358 quando
758 1277 1224 1357 Quinquatruum
1264 1275 1425 1336 festos
1463 1278 1581 1337 dies

310 1363 459 1445 apud
498 1360 654 1420 Baias
697 1356 1105 1439 frequentabat.
1157 1360 1296 1418 Illuc
1341 1380 1583 1420 matrem

312 1447 465 1507 elicit
489 1492 505 1516 ‚
547 1440 849 1502 ecferendas
893 1463 1186 1524 parentum
1231 1443 1540 1503 iracundias
1563 1489 1583 1516 ,

311 1538 413 1589 »δε
443 1525 778 1610 placandum
806 1526 1108 1584 animum»
1135 1525 1392 1584 dictitans
1414 1574 1431 1599 ‚
1471 1528 1583 1607 quo

315 1623 602 1672 'rumorem
630 1607 1095 1668 reconciliationis
1126 1606 1369 1668 efficeret
1390 1656 1406 1680 ‚
1440 1610 1585 1668 acci-

316 1715 583 1779 peretque
628 1691 938 1774 Agrippina
974 1739 990 1763 ‚
1044 1688 1194 1748 facili
1243 1690 1586 1752 feminarum

315 1777 643 1838 credulitate
664 1774 735 1833 ad
756 1774 973 1856 gaudia.
987 1774 1337 1835 Venientem
1359 1774 1584 1848 dehine,

318 1861 515 1922 obvius
540 1861 600 1918 in
624 1857 787 1916 litora
819 1860 985 1933 (nam
1007 1855 1183 1915 Antio
1207 1857 1583 1936 adventabat)

318 1943 521 2024 excipit
574 1962 745 1998 manu
793 1947 850 1998 &
907 1938 1201 2021 complexu
1238 1986 1254 2010 ,
1317 1940 1583 2021 ducitque

319 2026 562 2086 Baulos:
606 2022 666 2080 id
705 2020 847 2080 villae
887 2044 1098 2080 nomen
1145 2023 1219 2080 est
1245 2069 1261 2093 ‚
1301 2046 1419 2103 quae
1455 2046 1585 2105 pro-

321 2106 671 2169 montorium
715 2101 1004 2163 Misenum
1041 2105 1184 2164 inter
1222 2113 1278 2163 ὃς
1315 2106 1589 2165 Baianum

292 2193 507 2263 *lacum
547 2187 688 2247 flexo
723 2188 864 2246 mati
907 2187 1145 2246 alluitur.
1207 2187 1396 2247 Stabat
1439 2189 1585 2249 inter

323 2274 454 2336 alias
484 2272 634 2332 navis
655 2272 901 2329 ornatior
921 2318 937 2343 ,
969 2292 1260 2351 tamquam
1281 2270 1340 2329 id
1359 2294 1586 2353 quoque
1632 2334 1634 2338 ,

324 2357 528 2418 honori
562 2355 752 2414 mattis
790 2353 1027 2414 daretur.
1080 2353 1304 2435 Quippe
1340 2354 1588 2414 sueverat
1632 2384 1646 2406 a

327 2439 573 2510 triremi,
594 2447 651 2498 δε
671 2436 1055 2496 classiariorum
1080 2437 1317 2518 remigio
1337 2437 1483 2496 vehi.
1499 2438 1586 2505 Ac
1628 2483 1636 2520 .'

325 2545 451 2588 tum
470 2522 700 2584 invitata
713 2521 783 2582 ad
798 2521 982 2607 epulas
1000 2540 1115 2581 erat
1130 2567 1147 2594 ,
1168 2540 1227 2580 ut
1249 2519 1586 2602 occultando
1617 2540 1630 2612 ²}
1657 2530 1659 2534 ’

1349 2601 1591 2679 facinori
1617 2612 1649 2682 {¹}
