1637 2917
237 145 404 210 Lm.
448 146 610 209 XVI.
655 140 1133 208 annaurim.
1233 155 1346 226 369

65 242 216 309 Mox
247 247 510 306 omnium
543 245 720 305 studia
754 247 813 304 in
852 248 985 305 novi
1005 248 1349 333 Principatfis
1378 281 1571 309 mn:

67 330 225 414 spem
248 354 311 389 ac
337 328 626 391 fortunam
648 330 1049 412 conspiravere.
1074 335 1352 417 Praecipua
1385 337 1436 376 A.
1459 336 1561 376 ΠΕ·

67 415 405 498 Nymphidii
442 413 674 487 Sabini,
717 415 1176 497 praetorianotum
1211 440 1350 499 ptae—

66 495 202 558 fecti
225 547 243 572 ,
282 520 412 559 cura
437 500 496 557 in
520 496 575 558 se
600 502 797 557 cuncta
819 498 1036 558 trahere
1062 546 1079 570 ‚
1123 521 1185 558 ut
1220 523 1348 562 ante

63 582 264 642 Galbae
288 583 599 642 adventum
624 581 843 641 firmata
869 583 1196 642 auctoritate
1215 632 1232 656 ,
1257 607 1351 645 aut

65 665 339 743 secundus
357 668 416 725 in
433 666 673 747 imperio
697 687 887 749 ageret
903 714 920 739 ‚
949 688 1043 725 aut
1062 713 1078 739 ,
1104 665 1143 724 fi
1164 664 1350 741 senex,

69 771 180 810 tres
214 760 272 810 δε
296 749 642 832 septuaginta
680 773 856 808 annos
894 771 1093 822 natus,
1136 751 1351 812 itineris

70 832 479 916 defatigatione
497 834 889 906 occumberet,
911 833 1026 917 ipse
1052 833 1351 918 capesseret

63 918 371 999 imperium
398 943 410 976 ε
450 938 707 1001 reputans
733 946 766 969 α
785 919 1061 999 praetorias
1092 920 1350 980 cohortes

3 1041 6 1044 -
62 1001 332 1061 :ndudum
357 999 689 1061 favorabiles
711 1049 727 1074 ‚
766 1025 915 1062 nunc
946 1002 1198 1063 donativi
1213 1020 1350 1086 ‘pro-

62 1083 276 1144 :nmiffo
322 1085 641 1169 obligatas:
697 1108 865 1168 penes
913 1085 967 1146 se
1014 1083 1119 1146 effe
1166 1107 1349 1146 totam

62 1164 460 1230 aolib‘eralitatis
493 1170 729 1253 gratiam
754 1217 771 1241 ,
807 1170 957 1254 apud
983 1169 1228 1229 Galbam
1255 1194 1351 1232 ne-

62 1253 416 1314 mceffitatem
446 1283 505 1313 α).
564 1252 808 1312 Proinde
838 1302 855 1326 ‚
901 1276 970 1313 ne
1014 1274 1191 1313 tantas
1231 1252 1350 1338 spes

65 1338 392 1422 praecideret
432 1335 711 1418 Tigellini
755 1334 983 1396 societas
1014 1385 1030 1408 ‚
1070 1338 1123 1396 ei
1159 1337 1351 1420 gladio

27 1435 29 1437 ’
63 1421 387 1482 interdicit:
415 1418 578 1479 simul
603 1416 913 1480 consulares
936 1469 952 1493 ‚
978 1419 1303 1502 ceterosque
1332 1469 1350 1494 ‚

19 1528 33 1548 ·⁴
62 1507 165 1589 qui
189 1507 456 1566 exercitus
487 1501 863 1586 provinciasve
892 1505 1034 1564 olim
1059 1526 1312 1566 rexerant
1331 1553 1352 1577 ,

63 1591 339 1654 conviviis
372 1588 602 1668 aliisque
628 1585 689 1645 id
716 1609 890 1668 genus
921 1587 1149 1646 lautitiis
1180 1611 1351 1649 occu-

0 1748 1 1751 Ἴ
63 1695 177 1755 pat.
223 1672 432 1734 Iisdem
458 1670 666 1730 artibus
691 1693 787 1752 per
813 1672 979 1730 castra
1013 1659 1191 1753 gliscit
1231 1694 1348 1729 am-

66 1758 256 1816 bitio:
304 1755 534 1839 plurimi
576 1755 828 1835 jactitant
873 1754 1234 1814 «mittendos
1279 1753 1351 1814 ad

63 1840 360 1901 mGalbam
384 1838 627 1922 legat03‚
653 1839 751 1919 qui
781 1838 1198 1921 Nymphidium
1224 1860 1351 1920 per—

65 1953 103 1979 ω
114 1945 350 2009 petuum
368 1969 385 1996 ,
412 1932 469 1983 &
486 1921 599 1981 fine
617 1920 834 2004 collega
847 1970 866 1995 ,
890 1922 1352 2004 praetorianorum

65 2006 483 2093 :opt-aefectum»
516 2003 846 2088 efflagitent.

163 2095 296 2152 XC.
339 2094 473 2150 PAR
519 2090 580 2148 in
623 2088 816 2149 senatu
856 2087 1123 2148 adulatio,
1163 2091 1353 2150 Patres

52 2184 188 2259 'ejus
213 2174 425 2234 foribus
445 2171 695 2234 adsidere
722 2200 734 2232 ε
770 2171 1207 2233 beneficentiam
1232 2172 1353 2232 lau-

72 2261 206 2320 dare
231 2285 244 2318 2
274 2257 538 2318 omnibus
559 2254 1038 2337 senatusconsultis
1067 2260 1355 2317 auctorem

73 2344 298 2404 habere.
341 2342 485 2402 Inde
502 2389 518 2414 ‚
543 2341 628 2402 uti
651 2340 761 2402 fert
788 2341 1091 2400 hominum
1119 2361 1314 2400 natura
1335 2387 1355 2411 ‚

75 2449 199 2487 orta
229 2425 582 2508 Nymphidio
621 2426 938 2508 arrogantia
966 2474 983 2499 ‚
1028 2423 1241 2484 senatui
1265 2425 1356 2482 in*

73 2512 229 2571 vidia
247 2560 262 2584 ‚
288 2511 423 2570 dein
451 2530 651 2569 metus·
694 2511 832 2569 Cito
857 2531 1085 2591 erupere
1104 2509 1222 2565 'haec
1251 2504 1360 2563 dis-

59 2595 403 2657 ·cordiatum
437 2592 667 2657 semina.
703 2597 889 2656 Patres
913 2641 931 2668 ,
969 2592 1100 2653 cum
1120 2586 1361 2655 senatui}

1062 2674 1195 2749 Qv

1425 409 1536 456 821.

1414 491 1455 532 J.
1490 491 1543 532 C.

1442 564 1523 614 68..
