1637 2917
318 163 781 204 ANNAmuM
835 143 1115 205 ΝοτΑες
1245 153 1373 222 449'

100 252 230 296 'mine
262 242 387 295 adito
409 283 423 305 ,
463 243 723 293 insidiarum
754 245 989 293 aqurem
1017 263 1114 294 non
1141 243 1368 307 dubitari,

103 315 177 365 vel
203 312 425 380 ignorari.
679 322 682 330 '

166 441 291 492 (ΠΛΡ.
304 441 439 493 VIII.
458 438 615 490 Aliam
630 439 734 505 fere
751 440 880 492 litore
887 441 1071 503 faciem.
1091 441 1159 492 Ita
1213 441 1366 491 uidem

98 505 375 567 Puteolanus
394 515 437 556 &
457 508 765 558 Recentiores.
783 509 847 558 At
861 510 911 556 in
927 507 1030 557 ΜΠ.
1045 460 1306 558 Ρίοῑ.ῗίεσ.
1321 514 1368 555 &

101 574 304 624 editione
326 577 536 641 principe
553 615 566 636 ‚
593 575 732 624 aliam
745 574 849 639 fore
870 573 1030 624 lateret
1039 573 1225 635 faciem.
1244 550 1371 624 δοῖ-

96 658 233 707 rupta
250 642 346 690 haec
364 645 537 690 onmia.
554 639 691 690 Forte
712 640 796 691 fuit
815 642 925 690 olim
945 639 1159 705 scriptum
1181 661 1190 688 :
1218 640 1370 706 magis

94 723 154 755 ac
175 708 326 774 magis
352 708 494 757 anxia
513 706 770 773 Agrippina
788 747 803 770 ‚
830 705 942 773 qudd
965 723 1091 755 nemo
1114 706 1250 771 afilio
1266 745 1284 768 ‚..
1313 721 1370 754 ac

72 789 157 821 ,ne
173 772 407 839 Agerinus
455 771 602 821 uidem
623 772 915 834 adventaret,
921 771 1069 839 stupet
1091 771 1227 821 aliam
1239 772 1373 835 fores·

94 853 206 886 ante
241 856 388 888 rerum
441 839 583 887 aciem
609 856 627 898 ‚-
664 837 1090 903 nuncsolz‘tudinem
1118 855 1171 886 ac
1204 855 1369 900 repen-

95 903 220 952 tinos
237 903 457 970 strepitus
482 944 499 967 ‚
534 904 583 953 ἕν’
614 905 801 955 extremi
825 905 928 954 mali
953 903 1142 954 indicia.
1187 902 1370 954 Verum

95 985 144 1018 ut
166 972 332 1019 clarior
359 971 407 1018 fit
430 974 632 1019 narratio
654 1011 666 1032 ,
694 971 968 1038 Agrippinae
986 986 1185 1020 extrema
1209 973 1371 1035 paucis

93 1052 297 1085 retexere
319 1036 443 1085 haud
463 1040 544 1086 erit
562 1038 739 1086 inutile.
761 1037 1078 1106 Quinquatrus
1101 1038 1224 1102 apud
1235 1038 1370 1085 Baias

100 1102 419 1170 frequentabat
453 1103 619 1151 Nero:
652 1106 760 1152 illuc
803 1122 996 1153 matrem
1032 1105 1182 1152 elicit:
1222 1102 1372 1150 Antio

97 1169 420 1217 adventantem
456 1172 658 1234 excipit,
701 1171 868 1218 Baulos
904 1172 1027 1219 ducit
1056 1208 1068 1230 ‚
1108 1185 1371 1236 navemque

96 1236 424 1283 ornatissimam
460 1234 606 1283 offert.
662 1235 843 1285 Auditis
882 1237 1049 1285 insidiis
1075 1274 1086 1295 ‚
1116 1237 1371 1302 gestamine

98 1298 218 1349 sellae
241 1302 372 1349 Baias
396 1303 610 1366 pervec'ra
633 1302 906 1368 Agrippina
927 1323 936 1350 :
971 1301 1225 1350 honorifice
1248 1303 1373 1349 ami-

96 1366 149 1415 ce
190 1386 243 1415 ue
263 1384 474 1431 excepta,
505 1384 677 1415 metum
695 1368 870 1431 posuit,
902 1375 947 1415 δε
965 1367 1156 1415 infidam
1174 1385 1336 1415 navem
1352 1405 1368 1427 ‚

99 1447 150 1480 ut
210 1433 338 1480 aulos
365 1432 558 1492 rediret,
596 1433 858 1481 conscendit
883 1450 988 1482 ante
1020 1433 1218 1494 mediam
1249 1450 1372 1481 noc-

101 1514 210 1548 tem.
244 1499 465 1546 Anicetus
488 1501 600 1546 novi
614 1497 790 1547 sceleris
804 1499 1026 1547 summam
1049 1501 1222 1565 petit&
1248 1500 1370 1548 obti-

95 1581 190 1619 net,
239 1565 407 1612 Baulos
434 1563 647 1615 adventat
669 1568 789 1612 circa
813 1565 977 1612 horam
1002 1564 1246 1613 secundam
1265 1567 1369 1631 post

96 1630 301 1679 mediam
322 1631 540 1678 nod‘Jtem:
577 1630 734 1679 villam
769 1631 958 1680 statione
993 1631 1275 1691 circumdat,
1309 1630 1370 1679 ad
1415 1682 1418 1683 ⁷

96 1696 357 1745 cubiculum
402 1712 637 1762 properat.
681 1698 810 1745 Servi
851 1699 1051 1746 exterriti
1087 1695 1332 1763 diffugiunt
1351 1736 1367 1757 ,

94 1769 140 1811 &
157 1763 277 1812 fores
298 1762 493 1812 cubiculi
521 1761 743 1811 deserunt.
768 1763 1062 1830 Agrippina,
1083 1765 1218 1811 anxia
1237 1761 1367 1831 quod

93 1847 236 1877 nemo
264 1847 290 1878 a
312 1829 408 1877 filio
429 1868 441 1890 ,
467 1847 521 1877 ac
541 1847 600 1877 ne
619 1829 850 1896 Agerinus
871 1830 1056 1896 quidem
1075 1829 1367 1891 adventaret,

93 1885 242 1960 stufiet
270 1897 406 1944 aliam
437 1913 588 1944 rerum
617 1896 778 1945 facien]
812 1913 916 1944 ante
949 1895 1068 1945 fores
1103 1895 1327 1945 obversari
1349 1915 1365 1944 ε

82 1979 216 2020 ,nunc
236 1961 525 2010 solitudinem
545 1961 634 2010 effe
648 2001 661 2023 ‚
691 1979 745 2010 ac
763 1965 1028 2027 repentinos
1049 1963 1254 2027 strepitus
1277 2002 1289 2023 ‚
1317 1969 1365 2011 δε

92 2029 281 2077 extremi
303 2028 412 2076 mali
427 2028 613 2075 indicia.
652 2028 730 2075 Ab
749 2030 916 2076 ancilla
934 2028 1146 2077 deseritur
1160 2067 1173 2087 ,
1204 2047 1313 2077 mox
1336 2046 1366 2078 a

92 2095 362 2142 centurione
380 2092 670 2155 interficitur3
685 2093 937 2162 eademque
950 2096 1051 2161 ipsa
1068 2097 1228 2156 nocte,
1244 2098 1367 2146 circa

88 2159 256 2208 horam
279 2161 516 2225 quintam,
539 2161 767 2208 convivali
783 2162 902 2209 lecto
922 2162 1216 2210 comburitur.

157 2224 428 2274 Trierarcko
443 2224 680 2276 Herculeo.
698 2225 996 2276 Trierarchus
1015 2229 1175 2277 dicitur
1194 2230 1367 2278 triremi

92 2290 374 2359 praepofitus.
406 2289 465 2338 Et
481 2290 736 2341 Herculeus
758 2293 875 2342 forte
895 2313 922 2343 a
939 2298 1049 2344 navi
1070 2296 1257 2344 ductum
1274 2313 1365 2343 no·-

93 2376 219 2407 men.
258 2357 336 2405 Sic
373 2356 497 2422 apud
535 2359 758 2407 eruditum
794 2359 1055 2411 Oliverium
1076 2402 1097 2424 ‚.
1125 2360 1367 2411 Marmora

89 2421 379 2488 Pifizurenficz
402 2462 417 2482 ,
454 2440 566 2489 pag.
611 2441 695 2486 175
720 2463 735 2486 ,
772 2442 1051 2479 memoratur
1091 2427 1172 2480 1-Ῐῖ
1209 2425 1366 2476 HER-

92 2490 146 2540 Id
179 2490 241 2538 est
259 2527 272 2549 ‚
308 2489 503 2538 triremis
533 2488 770 2543 Hercules.

156 2617 284 2670 Cap.
303 2617 391 2668 IX.
420 2618 664 2676 Convivali
692 2621 817 2678 lefflo.
853 2624 1009 2678 Leuis
1033 2598 1367 2689 discumbentes(
