1637 2917
312 193 772 234 ANNAL1UM
828 174 1105 234 NOTAE.
1226 198 1351 254 417

133 270 342 326 Piratz'co
372 275 500 326 bello.
544 274 670 326 Cum
703 274 873 323 Cilices
901 278 1044 324 maria
1078 276 1354 327 invasissent.

62 333 232 402 Quam
271 343 446 409 pestem
481 343 732 408 Pompeius
771 343 980 390 exstinxit
1021 359 1145 390 anno
1183 342 1252 392 U.
1290 343 1353 394 C.

74 421 405 459 Dctxxxvn.

131 471 354 537 Adjutum
387 473 658 526 Antonium.
713 473 782 524 M.
822 474 1057 524 Antonius
1087 514 1099 536 ‚
1150 476 1352 524 Antonii

73 543 268 591 oratoris
310 542 426 593 filius
446 581 459 604 ‚
490 544 710 591 triumviri
744 558 905 608 pater,
937 540 1149 590 adversus
1183 545 1354 607 piratas

0 606 2 616 ’
68 621 177 653 cum
209 611 363 675 ampl&
389 611 609 676 potestate
632 605 783 658 missus
816 610 879 657 est
909 625 1034 656 anno
1060 607 1204 655 Urbis
1233 627 1353 668 con-7

72 671 175 720 ditae
199 691 501 725 DCLXXX1V.
538 676 747 726 Velleius
778 674 1003 725 Patercul.
1025 673 1098 735 ΙΙ,
1132 692 1208 737 31.

138 738 362 791 Recentia
398 743 446 790 irz
481 740 688 806 Caesczres
725 742 906 791 merita.
942 741 1074 789 Bello
1105 740 1311 788 Thracio
1338 753 1356 801 3

74 803 130 851 de
148 822 242 872 quo
261 806 393 872 supi-ai
413 807 587 855 Annal.
611 807 698 867 IV,
721 827 800 867 47.
828 815 872 856 &
897 808 1020 855 bello
1046 805 1317 873 Bosporano
1338 843 1355 866 ,

74 869 132 917 de
157 888 252 939 quo
277 871 420 921 modo
443 873 617 921 diGtum
637 873 812 922 Annal.
830 874 926 922 XII
946 913 958 934 ,
999 889 1073 933 15.

142 937 193 988 V
189 937 294 987 elzen
304 939 357 988 do
376 955 639 988 commeatu.
658 939 923 990 Commenta
945 958 1033 1005 pro
1055 936 1325 988 commeatui
1333 950 1356 1005 ,'

75 1016 124 1050 ut
155 1007 379 1055 veteribus
412 1005 702 1072 scriptoribus
737 1006 933 1056 solitum.

141 1136 268 1187 CAP.
283 1137 465 1186 LXIII.
489 1137 619 1187 Inter
633 1138 864 1201 Europam
881 1137 1123 1205 Asiamque
1142 1135 1360 1193 divortio}

75 1201 226 1252 Nunc
243 1204 283 1253 le
312 1204 450 1253 canal
472 1203 526 1253 de
551 1202 940 1272 Constantinople.

46 1284 50 1285 ’
146 1270 465 1322 Chalcedonii.
500 1271 774 1320 Chalcedon
797 1312 810 1334 ‚
844 1271 948 1319 urbs
981 1269 1209 1337 Bithyniae
1244 1269 1361 1318 olim

76 1336 403 1398 celeberrima,
435 1354 560 1386 nunc
592 1356 740 1405 pagus
773 1335 1039 1386 Kadi-Cuz'.

72 1404 76 1417 ²
150 1401 240 1453 Vis
257 1404 444 1468 piscium
464 1404 724 1452 innumera.
760 1401 907 1451 Pisces
938 1403 1005 1450 illi
1033 1400 1134 1450 sunt
1157 1402 1363 1467 pelami-

64 1467 158 1517 ⁴des
172 1508 185 1529 ‚
201 1471 250 1517 in
268 1470 601 1538 Byzantiorum
618 1473 819 1519 nummis
835 1467 997 1536 paffim
1016 1469 1157 1517 obvii.
1175 1466 1365 1517 Gallice

75 1532 146 1583 les
161 1535 325 1599 jeunes
349 1536 499 1586 thoas.
831 1545 833 1547 ’

146 1601 297 1650 Ponto
332 1617 586 1662 erumpens.
624 1601 799 1649 Pontus
819 1638 833 1660 ‚
868 1599 914 1650 la
940 1618 1034 1650 mer
1063 1597 1210 1648 noire.

150 1666 361 1733 obliquis
377 1666 536 1732 subter
570 1666 720 1715 undas
735 1665 890 1731 stzxis.
932 1667 1152 1732 Obliquis
1179 1670 1224 1712 &
1254 1674 1369 1712 cana‘

86 1733 339 1782 dicantibus
356 1732 488 1782 saxis.
509 1732 688 1782 Saxum
708 1735 833 1781 enim
855 1733 917 1781 ibi
941 1734 1002 1781 est
1024 1731 1128 1781 miri
1152 1729 1376 1787 candoris,

68 1811 118 1850 'a
142 1799 259 1849 vado
286 1798 539 1865 adfizmma
560 1799 820 1862 perlucens.
860 1799 980 1847 Plin.
1003 1798 1076 1847 IX
1093 1836 1106 1857 ,
1146 1813 1221 1857 15.

153 1865 366 1917 Alterius
397 1865 563 1916 litoriS.
604 1865 777 1915 Litoris
808 1864 1252 1915 Chalcedoniorum.

159 1995 289 2046 CAP.
307 1996 492 2048 LXIV.
510 1996 734 2059 szformes
760 1996 987 2046 hominum
1006 2011 1186 2058 partus.
1204 1994 1385 2047 Talem.

89 2079 274 2130 partum
295 2103 307 2122 ‚
334 2062 407 2113 sed
429 2065 509 2132 qui
535 2065 712 2131 aliquot
737 2062 841 2129 post
863 2069 995 2113 annis
1017 2066 1239 2130 contigit,
1270 2079 1380 2109 me-

95 2146 246 2178 morat
266 2129 482 2197 Phlegon
497 2167 510 2190 ,
525 2130 580 2178 de
595 2130 884 2178 Mirabilibus
900 2170 912 2191 ,
934 2130 1056 2196 Cap.
1070 2150 1093 2176 2
1105 2148 1124 2193 3
1136 2164 1147 2176 .
1166 2129 1385 2178 Cornelii

94 2198 221 2244 enim
238 2195 472 2256 Gallicani
493 2213 608 2245 uxor
623 2196 785 2246 Romae
805 2196 1032 2246 infantem
1054 2212 1188 2262 partu
1207 2194 1376 2255 edidit,

99 2264 251 2328 capite
279 2262 523 2310 Anubidis.
726 2324 729 2326 ‚
880 2303 889 2311 .

158 2327 347 2376 Minore
378 2326 606 2377 Απτοηὶᾶ.
652 2329 804 2377 Immo
842 2328 1018 2389 majore
1054 2325 1298 2386 Antonia,
1333 2339 1383 2373 ut

102 2393 238 2443 docet
269 2394 513 2442 Suetonius
551 2396 601 2441 in
618 2394 831 2443 ‘Nerone
855 2434 868 2456 ‚
907 2394 1028 2459 Cap.
1055 2410 1098 2453 5.

162 2460 407 2509 Avunculo
440 2461 516 2511 Au
555 2458 659 2525 usto.
690 2461 874 2528 Magno
901 2460 1131 2509 avunculo
1153 2456 1384 2523 Augusto.

170 2526 445 2592 Agrippinae
458 2477 650 2591 ⁸Ibligrincz
673 2528 814 2588 prior.
857 2526 982 2577 Vere
1026 2524 1230 2592 quidem.
1270 2520 1389 2569 Tria

95 2594 224 2640 enim
243 2591 422 2641 tantum
440 2595 590 2659 capita
610 2591 752 2661 usque
771 2593 830 2643 ad
842 2594 1104 2642 Domitiam
1124 2587 1353 2652 Lepidam
1370 2623 1388 2647 ,

35 2680 46 2688 *
95 2657 302 2716 Ostavia
325 2698 339 2724 ‚
387 2659 599 2714 Antonia
635 2662 819 2728 major,
862 2666 907 2710 &
941 2656 1155 2773 Domitsia
1187 2650 1396 2720 Lepida·

590 2744 597 2751 ’
1161 2736 1189 2770 v
