1659 2917
65 247 258 276 ῃ

279 126 404 199 '⁶144
473 122 1396 202 C.4C0RNELI1TA01TY
1653 207 1659 212 .

283 248 402 306 quae
425 247 612 285 muros
636 226 865 286 interim
885 225 1126 286 ambiret
1142 275 1158 298 ‚
1181 226 1560 312 oppugnatio-'3
1632 308 1638 310 ῃ

67 312 120 354 Λ·
138 312 189 349 U·
210 311 261 352 C*
283 331 529 389 nemque
553 310 771 368 eminus
794 311 1081 390 inciperet.
1119 313 1229 370 Sed
1253 312 1519 394 oppidani
1534 359 1554 386 ,

113 388 222 430 3¹¹·
285 392 456 473 portis
499 391 692 476 sponte
734 391 1059 476 patefacitis,
1105 392 1159 453 se
1200 393 1404 474 suaque
1439 397 1556 455 Ro-

101 468 143 509 J,
173 466 224 506 C.

122 543 204 600 58·

286 476 464 535 manis
485 475 809 556 permisere:
833 476 987 557 quod
1009 474 1242 536 salutem
1263 477 1386 559 ipsis
1409 477 1555 538 tulit.

281 558 557 619 Artaxatis
605 560 748 642 ignis
795 555 1069 618 immiffus
1098 606 1115 631 ‚
1160 559 1455 640 deletaque
1498 569 1558 621 δε

278 641 397 702 solo
429 642 715 723 adaequata
750 642 910 701 sunt:
949 643 1080 723 quia
1104 666 1206 702 nec
1236 645 1414 702 teneri
1442 643 1555 704 fine

278 725 468 786 valido
499 725 744 808 praesidio
767 774 784 798 ‚
823 726 898 785 ob
929 726 1382 808 magnitudinem
1414 749 1557 783 moe-

273 809 440 869 nium
465 855 481 880 ‚
521 833 623 870 nec
658 808 718 867 id
755 810 916 868 nobis
951 812 1156 868 virium
1195 830 1311 868 erat
1336 855 1353 880 ‚
1396 808 1555 889 quod
1639 871 1648 880 ‚

275 891 557 952 firmando
587 892 834 976 praesidio
864 939 880 964 ‚
929 901 986 952 &
1028 891 1357 976 capessendo
1399 892 1552 950 bello

277 975 622 1036 divideretur
649 1001 662 1033 z
706 976 796 1033 vel
826 975 865 1034 si
892 975 1109 1058 integra
1140 984 1197 1036 ὃς
1222 975 1555 1034 incustodita

278 1060 725 1139 relinquerentur
759 1103 777 1128 ‚
821 1058 975 1116 nulla
1009 1060 1068 1115 in
1104 1082 1172 1117 eo
1208 1058 1415 1117 utilitas
1457 1080 1552 1118 aut

279 1142 458 1226 gloria
485 1189 502 1214 ,
538 1141 689 1224 quod
720 1161 876 1224 capta
904 1137 1094 1200 effent.
1137 1140 1418 1221 Adjicitur
1447 1142 1553 1200 mi-

275 1225 529 1285 raculum
552 1273 569 1298 ,
607 1225 760 1284 velut
796 1225 1028 1284 numine
1067 1222 1340 1283 oblatum.
1395 1225 1550 1285 Nam

275 1314 475 1369 cunsta
508 1309 656 1369 extra
686 1357 701 1381 ‚
742 1308 898 1366 testis
946 1328 1104 1367 tenus
1148 1305 1261 1366 sole
1305 1305 1550 1367 inlustria

276 1390 480 1470 fuere3
525 1392 690 1473 quod
733 1390 1011 1449 moenibus
1060 1390 1426 1472 cingebatur,
1469 1392 1549 1450 ita

273 1475 502 1559 repente
523 1473 637 1534 atra
661 1474 807 1533 nube
829 1494 1157 1557 coopertum
1172 1521 1188 1545 ‚
1214 1472 1548 1556 fulguribus·

275 1581 386 1639 que
408 1557 708 1618 discretum
733 1559 807 1616 est
822 1605 837 1628 ,
862 1578 922 1616 ut
939 1604 953 1628 ‚
975 1556 1121 1638 quafi
1144 1555 1547 1618 infensantibus

274 1643 435 1715 deis,
480 1642 649 1701 exitio
695 1640 840 1699 tradi
885 1642 1217 1699 crederetur.
1286 1641 1543 1701 Ob-haec

276 1724 643 1784 consalutatus
671 1730 960 1803 imperator
985 1725 1137 1782 Nero
1164 1747 1176 1779 τ
1215 1744 1280 1781 ex
1310 1721 1547 1782 senatus-

276 1807 528 1869 consulto
564 1806 1090 1889 «supplicationes-n
1122 1805 1357 1864 habitae:
1400 1808 1544 1865 cesta-1

271 1913 533 1972 :otuceque
558 1899 614 1950 δε
640 1911 791 1947 arcus
810 1935 829 1960 ,
870 1890 927 1949 &
952 1889 1204 1947 continui
1232 1888 1542 1949 consulatus

272 1974 600 2053 „Principiz
643 1992 816 2052 utque
862 1973 1008 2031 inter
1047 1970 1208 2030 festos
1245 1970 1546 2031 referretur
1631 2035 1634 2038 Α

271 2057 436 2116 :odies
450 2104 467 2128 ,
487 2078 599 2136 quo
619 2074 827 2136 patrata
850 2055 1079 2114 vietoria
1093 2102 1109 2125 ‚
1132 2077 1245 2134 quo
1270 2056 1544 2127 nuntiata,

271 2163 432 2221 mquo
477 2137 714 2197 relatum
755 2136 825 2196 de
865 2137 927 2197 ea
969 2136 1184 2209 esset»,
1230 2136 1444 2218 aliaque
1482 2138 1544 2198 in

273 2222 537 2282 eamdem
561 2219 806 2279 formam
828 2221 1202 2281 decernuntur
1218 2268 1234 2292 ‚
1256 2220 1397 2280 adeo
1421 2244 1544 2280 mo-

271 2306 414 2364 dum
454 2301 660 2386 egressa
693 2351 709 2375 ‚
758 2324 819 2362 ut
864 2306 933 2364 C.
972 2304 1183 2364 Cassius
1227 2302 1297 2363 de
1344 2305 1540 2364 ceteris

271 2387 579 2447 honoribus
610 2385 860 2447 adsensus
881 2436 896 2460 ‚
937 2417 968 2439 cc
989 2387 1026 2446 fi
1060 2409 1158 2469 pro
1192 2385 1545 2468 benignitate

273 2468 551 2530 »fortunae
598 2470 703 2528 diis
745 2491 923 2553 grates
964 2489 1295 2554 agerentur,
1338 2491 1407 2527 ne
1451 2489 1541 2527 to·-

270 2573 439 2618 aetum
493 2552 728 2635 quidem
781 2576 993 2616 annum
1050 2550 1542 2695 suppli}a{ifionibus
1628 2619 1633 2627 ¹

1187 2663 1223 2691 ω
1259 2657 1292 2695 ιι
1358 2656 1537 2700 cerea?
