1637 2917
314 147 1086 209 ANNAL1UM*NOTAE.
1230 169 1344 230 425

145 247 271 299 CAP.
298 248 386 296 XI.
441 246 675 296 Plautium
719 244 1024 298 Lareranum.
1075 247 1184 302 Jarn
1220 246 1353 314 supra

79 330 386 364 memoratum
417 313 592 363 Annal.
611 312 685 360 XI
706 350 720 374 ‚
756 329 814 377 30
836 318 880 360 ὃ(
904 320 980 376 36.

146 447 271 497 CAP.
304 446 415 495 XII.
468 445 555 496 Cui
592 442 858 494 vocabulum
895 442 1018 492 Afie.
1065 444 1247 510 Quam,
1294 463 1351 496 ex

76 513 183 564 Asia
211 531 416 580 emptam
437 552 449 573 ,
483 516 544 562 ita
574 513 764 576 deperiit
784 509 916 558 Nero
937 550 948 570 ,
979 529 1025 560 ut
1053 515 1100 559 in
1125 514 1350 563 familiam

74 579 219 628 Attali
242 599 344 629 eam
365 579 561 628 referret.
604 579 721 627 Mox
747 575 852 626 cum
872 578 1007 626 vellet
1033 597 1134 626 eam
1158 599 1351 628 uxorem

73 646 239 696 ducere
259 686 272 708 ,
292 646 487 708 submisit
505 649 626 694 viros
648 642 903 693 consulares
920 682 933 704 ‚
953 643 1024 709 qui
1047 645 1168 711 regio
1182 663 1351 712 genere

73 728 221 760 ortam
241 714 517 777 pejerarem.
560 713 749 760 Sueton.
768 714 816 759 in
843 710 956 759 Ner.
983 709 1104 776 Cap.
1131 717 1186 774 38
1211 752 1222 772 ‚
1247 714 1347 761 Dio

70 777 192 827 LXI
207 817 218 838 ,
237 797 349 845 pag.
368 786 394 826 6
400 796 477 834 92.
503 775 643 826 Forte
661 779 740 825 illa
761 776 858 842 ipsa
877 779 938 825 est
956 776 1005 824 N
1009 780 1159 825 eronis
1179 780 1349 843 pellex,

71 861 212 911 quam
250 863 276 892 a
309 844 373 893 D.
393 844 537 892 Paulo
566 842 799 892 salutatam
827 843 961 892 refert
984 844 1049 892 D.
1069 843 1349 913 Chrysostoe

71 928 171 959 mus
194 950 207 971 ,
240 910 422 959 Homil.
444 909 628 961 XLVI.
657 914 706 958 in
727 910 835 960 Αξΐ.
858 911 1074 976 Apostol.
1241 902 1249 919 ⁹

139 975 335 1026 Othone.
369 977 502 1026 Otho
524 1015 536 1037 ‚
565 978 725 1043 postea
746 976 984 1043 Princeps.

130 1106 256 1156 CAP.
278 1107 410 1162 XIII.
442 1107 622 1156 Nurum
644 1106 878 1157 ancillam.
909 1108 1094 1157 Nurum
1117 1107 1172 1155 de
1193 1106 1348 1157 Osta-

66 1173 140 1220 via
160 1192 218 1221 ne
239 1176 466 1241 intelligas
484 1213 496 1234 ‚
531 1172 604 1222 sed
624 1174 679 1221 de
701 1173 837 1221 Aere.
871 1175 1059 1242 Nempe
1079 1175 1345 1241 Agrippina

65 1239 268 1290 infremit
287 1280 299 1301 ‚
337 1241 463 1318 qudd
499 1240 584 1307 ipsi
619 1239 770 1289 futura
807 1240 857 1290 fit
893 1261 1030 1291 nurus
1050 1281 1064 1304 ‚
1104 1259 1202 1309 quae
1236 1241 1343 1289 ante

66 1307 236 1354 ancilla
270 1306 417 1356 fuerit.

134 1371 343 1421 Arznaeut
375 1372 594 1422 Serenum
637 1372 795 1435 Quam
830 1390 957 1421 carus
991 1373 1124 1422 fuerit
1156 1373 1345 1421 Senecae

62 1435 268 1487 'Annaeus
289 1440 486 1489 Serenus
508 1439 644 1487 docet
660 1437 755 1505 ipse
774 1439 976 1500 Seneca,
995 1439 1139 1507 Epist.
1159 1439 1341 1488 LXIII.

129 1569 257 1620 CAP.
278 1570 417 1620 XIV.
438 1568 699 1619 Pallantem
721 1571 828 1618 curci
844 1587 1009 1633 rerum.
1023 1570 1068 1618 A
1088 1569 1341 1618 rationibus

63 1651 161 1684 erat
183 1635 350 1684 Pallas.
371 1637 561 1684 Sueton.
580 1639 628 1685 in
653 1636 820 1686 Claud.
843 1641 920 1684 28.
943 1636 1008 1683 At
1027 1637 1129 1701 post
1148 1637 1339 1684 incestas

60 1699 341 1769 Agrippinae
361 1709 405 1750 &
427 1701 612 1752 Claudii
645 1706 826 1770 nuptias
856 1701 940 1750 fuit
964 1703 1086 1750 velut
1111 1703 1242 1769 regni
1263 1718 1339 1750 ar·-

63 1765 215 1831 biter3
252 1771 509 1835 cu116³taque
541 1772 635 1832 ejus
668 1771 865 1835 imperio
899 1770 1096 1817 affitata.

132 1834 199 1883 Ut
230 1836 446 1899 ejuraret.
473 1835 543 1884 Ut
566 1840 700 1905 regni
720 1836 969 1901 imperium
991 1836 1216 1898 ejuraret,
1253 1851 1336 1884 eo·-

63 1915 154 1967 que
186 1898 229 1950 se
263 1901 505 1949 abdicaret.

126 1964 350 2031 Parefiyue
371 1968 591 2015 rationes,
623 1965 726 2025 Ut,
755 1968 890 2015 nullis
923 1967 1241 2016 administratae
1268 1969 1335 2016 rei

13 2034 19 2038 ’
59 2035 330 2082 nummariae
344 2032 591 2082 rationibus
610 2031 792 2080 redditis
806 2073 818 2094 ,
831 2051 963 2099 pares
980 2050 1133 2081 tamen
1151 2051 1258 2081 cum
1271 2051 1337 2082 re-

57 2098 244 2165 publica
261 2115 357 2149 tum
374 2101 549 2166 accepti
567 2138 579 2160 ,
605 2114 702 2147 tum
719 2099 905 2166 expensi
922 2102 1118 2149 rationes
1134 2100 1337 2149 haberet.

89 2219 92 2221 ,
123 2163 234 2214 Suae.
276 2166 324 2214 in
354 2165 512 2227 primis
549 2164 736 2227 nuptiae.
790 2167 974 2216 Incestae
1019 2165 1104 2215 suae
1148 2170 1335 2232 nuptiae.

59 2230 237 2280 Annal.
265 2231 394 2292 XII,
429 2249 449 2293 5
482 2239 527 2281 &
547 2229 674 2299 seqq.
711 2230 1004 2282 Veneficium
1023 2271 1036 2295 ,
1067 2251 1161 2301 quo
1186 2233 1335 2284 Clau-2

61 2298 188 2346 dium
215 2301 520 2348 interemerat.
553 2297 728 2347 Annal.
749 2299 846 2348 XII
863 2339 876 2362 ,
907 2305 1034 2348 66&
1060 2308 1138 2359 67.

125 2363 391 2431 Privignus.
427 2367 730 2417 Britannicus.

125 2429 239 2480 Inde
275 2429 435 2480 debilis
468 2432 619 2499 rursus
650 2432 839 2482 Burrus.
875 2430 1050 2498 Rursus
1076 2433 1333 2496 redundat3

58 2501 107 2545 &
137 2498 198 2545 est
232 2495 412 2563 prorsus
444 2498 621 2547 inutile.
671 2499 838 2547 Burrus
870 2516 1024 2549 autem
1054 2500 1211 2550 debilis
1230 2540 1245 2563 ‚
1283 2507 1329 2550 &

55 2565 223 2611 truncci
243 2580 382 2612 manu
400 2565 562 2614 dicitur
581 2604 593 2625 ‚
628 2563 746 2613 forte
775 2566 903 2633 quod
933 2566 1092 2615 natura
1116 2583 1192 2614 aut
1224 2566 1329 2616 casu

54 2627 142 2697 fuit
158 2647 300 2681 manu
311 2631 534 2684 invalidus
545 2672 560 2699 ,
580 2637 625 2680 δι
640 2632 907 2685 militaribus
927 2634 1147 2685 exercitiis
1160 2634 1334 2704 impar.
