1637 2917
337 192 791 259 ANINALIUM
843 175 1112 234 ΝοτΑε.
1236 194 1364 255 473·

131 252 427 323 ‘Sex-centies
450 271 718 338 fiestertium.
770 271 962 322 Gallicae
1000 287 1196 323 monetae
1236 275 1363 326 librae

102 340 205 388 sunt
245 345 544 403 11‚673‚015.

161 473 286 522 CAP.
307 467 448 518 XIX.
488 466 799 534 Adftzscerent
813 466 962 534 filios.
1007 470 1080 519 Ut
1109 484 1362 537 praeturas‚'

94 534 446 606 provinciasque
470 533 728 584 sortirentur
746 574 758 595 ,
787 533 949 601 easque
974 535 1220 585 liberorum
1241 541 1363 585 mul-

94 604 284 654 titudine
308 603 578 649 obtinerent.
599 601 714 649 Haec
735 603 859 649 enim
877 617 1003 648 erant
1024 618 1204 666 patrum
1225 604 1323 666 jura
1346 622 1362 665 3

28 684 37 691 ⁴·
96 672 153 718 de
179 670 340 737 quibus
363 668 534 715 difflum
555 666 686 731 supra}
710 667 884 715 Annal.
902 666 946 713 II
962 705 975 727 ,
999 683 1074 725 51.
1152 711 1156 715 .

34 732 39 736 ’
159 735 381 785 Senatum
399 732 581 781 adeunt.
594 732 746 781 Patres
762 732 966 782 senatum
982 732 1150 782 adeunt
1165 773 1178 794 ,
1194 733 1365 803 suaque

94 803 196 868 jum
226 800 475 848 vindicant.

159 864 376 931 Promzffa
403 862 566 930 legum.
600 861 673 911 Ac
699 866 898 913 maxime
918 865 1033 930 legis
1052 865 1206 932 Papiae
1230 865 1363 931 Pop-

91 951 200 1002 paeae
221 971 235 993 ‚
268 931 324 979 de
357 932 448 997 qu&
469 928 600 996 supra}
622 930 797 979 Annal.
823 931 890 979 III
906 968 920 991 ,
955 935 1034 978 28.

155 1065 280 1114 CAP.
302 1062 419 1111 XX.
455 1059 698 1128 Cretenfis.
736 1062 877 1112 Creta
903 1062 1047 1112 insula
1067 1101 1081 1125 ‚
1110 1079 1235 1111 nunc
1255 1061 1367 1130 Fzsse

91 1132 145 1182 de
178 1129 374 1180 Candie.

158 1196 332 1245 Grates
355 1211 616 1261 agerentur.
654 1194 723 1242 Re
747 1195 862 1243 bene
885 1196 1006 1262 gesta
1027 1235 1039 1257 ‚
1074 1195 1362 1262 proconsuli-

90 1265 171 1312 bus
203 1263 403 1311 Romam
436 1260 672 1310 reducibus
703 1276 850 1327 grates
883 1264 1150 1329 agebantur.

156 1327 370 1378 Cinciam
401 1327 697 1394 rogationem.
728 1327 805 1376 De
831 1327 918 1376 hac
942 1329 1048 1396 lege
1073 1330 1170 1394 jam
1187 1328 1362 1379 dfficum

88 1395 263 1445 Annal.
285 1394 359 1442 XI
379 1432 391 1453 ‚
426 1410 469 1454 5.
1094 1419 1099 1424 ·

155 1459 312 1510 Julias
337 1458 473 1524 leges.
493 1458 570 1505 Ab
585 1458 797 1523 Augusto
814 1459 939 1508 latas.
959 1460 1149 1509 Sueton.
1166 1463 1215 1508 in
1232 1459 1362 1526 Aug.

88 1526 211 1592 Cap.
238 1544 297 1589 34
319 1531 463 1582 &40.
502 1525 560 1571 Iis
586 1525 762 1587 legibus
782 1563 794 1585 ,
828 1529 934 1590 qui,
961 1528 1011 1573 in
1032 1526 1232 1592 petendo
1257 1543 1364 1574 ma-

86 1596 303 1659 gistrata,
334 1591 406 1637 vel
442 1591 691 1654 provinciae
725 1587 975 1638 sacerdotio
995 1630 1008 1651 ‚
1053 1591 1230 1640 turbam
1269 1590 1364 1640 suf-

89 1660 344 1724 fragiorum
391 1655 524 1702 causei
566 1654 784 1703 conduxit
813 1693 827 1715 ,
874 1654 1023 1704 servos
1073 1656 1314 1704 advocavit
1343 1695 1360 1717 ,

85 1727 280 1777 aliamve
308 1739 447 1788 quam
467 1720 803 1769 multitudinem
825 1722 1069 1782 conduxit,
1090 1720 1324 1770 convietus
1343 1761 1359 1782 ‚

85 1808 135 1839 ut
170 1792 234 1837 vis
275 1789 466 1853 publicae
506 1804 605 1835 reus
631 1825 643 1847 ,
699 1789 747 1833 in
789 1786 982 1835 insulam
1018 1788 1357 1851 deportabatur.

85 1856 210 1906 Vide
234 1855 408 1908 julium
432 1853 625 1901 Paulum
647 1891 659 1912 ,
685 1853 958 1901 Sententiar.
973 1853 1037 1915 V,
1059 1854 1155 1902 Tit.
1177 1871 1253 1918 30.
1280 1852 1360 1903 Ad

85 1923 228 1988 legem
253 1919 429 1970 Juli-„zm
459 1917 670 1969 Ambitus
690 1958 702 1978 ‚
735 1918 855 1986 Leg.
884 1938 925 1967 1.

154 1985 408 2047 Calpurnia
440 1984 565 2034 stira.
605 1984 722 2032 Haec
758 1986 819 2032 est
850 1986 923 2033 lex
953 1986 1210 2052 Calpurnia
1234 2003 1359 2049 repe-

3 2114 10 2119 ⁷
83 2051 327 2104 tundarum
352 2090 363 2110 ,
397 2048 469 2097 seu
504 2049 557 2096 de
586 2049 790 2111 pecuniis
814 2051 1104 2113 repetundis,
1142 2072 1281 2121 quam
1301 2054 1363 2102 L.

90 2120 367 2183 Calpurnius
386 2115 487 2163 Piso
505 2114 677 2181 Frugi,
696 2115 897 2165 tribunus
914 2118 1059 2184 plebis
1078 2157 1090 2179 ,
1107 2120 1165 2168 L.
1179 2120 1362 2168 Marcio

89 2183 349 2234 Censorino
370 2219 382 2241 ‚
414 2180 482 2228 M.
511 2181 706 2229 Manilio
730 2182 986 2232 consulibus
1011 2223 1024 2245 ,
1059 2204 1183 2234 anno
1203 2186 1272 2235 U.
1300 2186 1360 2235 C.

87 2269 195 2301 Dcv
219 2290 230 2310 ‚
263 2250 393 2296 initio
420 2249 533 2295 tertii
559 2247 664 2295 belli
679 2247 843 2297 Punici
862 2250 975 2299 tulit.
1009 2251 1172 2301 Postea
1204 2254 1358 2300 multis

87 2319 191 2367 aliis
225 2315 400 2381 legibus
429 2312 606 2361 firmata
631 2352 645 2374 ‚
683 2316 943 2383 austaque:
977 2315 1052 2365 sed
1076 2317 1252 2384 semper
1283 2321 1361 2367 in-

89 2383 240 2434 valida
266 2378 476 2429 adversus
503 2380 702 2442 malurn,
740 2398 835 2448 quo
866 2383 1044 2432 nullum
1066 2386 1198 2452 pejus
1230 2403 1360 2434 rem-

91 2450 326 2516 publicam
350 2446 687 2512 imperiumque
712 2447 927 2511 perdidit.

148 2513 308 2578 ‚Nobis
347 2509 530 2566 decedat
569 2511 733 2572 opinio,
787 2513 1041 2580 Capiamus
1083 2515 1321 2565 confilium
1344 2530 1363 2578 ,·

90 2580 188 2648 quo
211 2578 393 2646 quidem
421 2578 568 2626 tutelae
590 2575 818 2627 sociorum
842 2582 958 2630 nihil
978 2582 1221 2649 derogetur
1237 2622 1251 2643 ,
1282 2581 1359 2632 sed

92 2665 120 2696 a
139 2646 274 2698 nobis
296 2645 547 2713 depellatur
566 2644 646 2695 illa
667 2646 831 2713 opinio
850 2649 964 2699 alios
984 2686 998 2712 ‚
1033 2647 1174 2714 quim
1204 2652 1323 2700 cives
1343 2687 1365 2714 δ
