1659 2917
283 149 757 191 ANNAL1UM
800 132 968 189 LIB.
1007 130 1159 189 XIII.
1254 149 1359 207 125

102 224 350 290 Rusticus
407 234 596 289 auctor
649 231 766 298 est,
820 225 1096 306 ccscriptos
1143 226 1249 288 esse
1297 229 1582 294 ΜΞ

98 313 424 371 ”Caecinam
459 311 707 371 Tuscum
743 309 1028 368 codicillos
1048 357 1064 381 ‚
1106 311 1368 369 mandata
1391 318 1439 357 Α·
1462 321 1510 357 U·
1532 318 1585 359 C·

95 395 194 452 „ei
218 396 593 475 praetoriarum
615 394 933 452 cohortium
953 392 1079 449 cura
1100 416 1111 449 :
1140 391 1235 452 sed
1258 418 1363 476 ope
1446 393 1555 436 808.

94 478 358 536 :nSenecae
388 478 775 560 dignationem
805 478 978 533 Burro
1011 495 1284 534 retentam
1306 506 1363 536 ω.
1429 473 1471 512 J‘
1504 471 1554 511 C·

93 558 304 619 Plinius
329 569 384 620 &
405 561 638 619 Cluvius
659 558 797 617 nihil
821 557 1138 615 dubitatum
1163 558 1233 616 de
1253 559 1364 619 fide

135 640 336 701 raefecsti
362 641 607 702 referunt
629 667 640 700 ε
671 642 793 700 sane
816 641 1010 699 Fabius
1035 639 1265 698 inclinat
1293 643 1365 701 ad

92 664 284 784 faudes
308 728 523 784 Senecae
538 773 553 796 ‚
583 732 733 804 cujus
757 723 1001 782 amicitia
1021 722 1223 781 floruit.
1246 725 1363 783 Nos

87 805 414 866 consensum
438 812 728 866 austorum
753 805 962 877 secuti,
995 829 1114 885 quae
1150 806 1362 866 diversa

87 889 441 970 prodiderint
462 937 479 961 ,
514 889 612 948 sub
635 889 956 948 nominibus
982 887 1226 968 ipsorum
1249 909 1361 948 tra·

85 971 302 1032 demus.
345 974 498 1031 Nero
540 973 785 1053 trepidus
815 1020 831 1043 ‚
868 981 924 1032 &
962 972 1359 1033 interficiendae

82 1057 275 1114 matris
303 1055 494 1114 avidus
515 1103 530 1127 ‚
571 1079 686 1113 non
715 1055 862 1137 prius
894 1052 1105 1112 differri
1132 1057 1315 1135 potuit
1335 1101 1356 1129 ,

78 1139 255 1216 quam
302 1141 503 1197 Burrus
550 1161 749 1197 necem
797 1145 911 1218 ejus
961 1140 1313 1216 promitteret
1335 1186 1354 1212 ,

80 1219 121 1278 s1
149 1218 408 1280 facinoris
444 1241 871 1303 coargueretur:
911 1219 1066 1278 «Sed
1104 1222 1356 1280 cuicum-

75 1326 232 1384 :nque
256 1350 274 1375 ‚
313 1303 525 1361 nedum
546 1304 761 1384 parenti
784 1350 800 1373 ,
839 1300 1223 1361 defensionem
1259 1305 1355 1362 tri*

73 1384 442 1445 :obuendamz
480 1409 584 1446 nec
618 1384 956 1445 accusatores
985 1383 1167 1444 adesse
1192 1433 1209 1457 ,
1253 1385 1352 1447 sed

73 1492 321 1527 :nvocem
357 1469 518 1528 unius
552 1493 616 1530 ex
649 1468 879 1527 inimica
912 1467 1089 1526 domo
1124 1467 1349 1530 adferri.

69 1549 384 1611 aeRefutare
406 1553 680 1625 tenebraS‚
703 1561 758 1612 δε
779 1551 1068 1633 vigilatam
1089 1553 1347 1612 convivio

68 1638 342 1694 „noctem
359 1682 374 1706 ‚
401 1637 706 1716 omniaque
726 1633 1102 1694 temeritati&
1119 1631 1345 1696 inscitiae

68 1739 447 1797 apropioraao.
497 1744 500 1746 ·

151 1801 310 1860 XXI.
354 1802 478 1857 S1c
523 1799 698 1859 lenito
736 1798 1002 1880 Principis
1047 1819 1240 1871 mem,
1287 1808 1346 1860 &

68 1881 191 1942 luce
227 1881 345 1941 orta
369 1928 386 1953 ‚
429 1882 541 1941 itur
575 1883 644 1941 ad
682 1882 1089 1964 Agrippinam,
1126 1904 1188 1941 ut
1215 1883 1345 1941 nos-

66 1986 216 2026 ceret
243 1964 462 2045 objecta
486 2013 502 2037 ,
549 1963 981 2046 diffolveretque
1001 2014 1017 2038 ‚
1058 1965 1148 2025 vel
1178 1966 1343 2048 poena

62 2047 258 2110 lueret.
303 2051 508 2107 Burrus
539 2050 606 2107 iis
643 2049 920 2108 mandatis
947 2098 963 2120 ,
1007 2049 1214 2109 Seneca
1245 2073 1342 2108 co-

65 2152 187 2189 ram
210 2177 227 2202 ‚
262 2130 613 2213 fungebatur.
648 2132 902 2191 Aderant
926 2141 984 2192 &
1006 2155 1071 2192 ex
1095 2132 1340 2205 libertis,

64 2214 258 2272 arbitri
291 2211 575 2276 sermonis,
619 2216 850 2275 Deinde
880 2240 910 2273 a
932 2218 1108 2274 Burro
1133 2263 1149 2287 ‚
1192 2217 1339 2296 post-

62 2318 236 2376 quam
273 2297 505 2356 crimina
536 2307 593 2357 &
621 2303 868 2357 auctores
897 2297 1144 2379 exposuit
1170 2345 1186 2370 ,
1226 2299 1337 2357 mi-

65 2379 275 2437 naciter
289 2383 491 2440 actum.
509 2381 837 2462 Agrippina,
855 2379 1072 2440 ferocire
1091 2404 1334 2454 memor,

57 2489 101 2515 ,α
118 2463 250 2520 Non
280 2463 452 2521 miror
471 2495 533 2535 υ,
569 2465 783 2544 inquit,
827 2492 861 2516 oc
880 2463 1124 2523 Silanam
1165 2487 1331 2521 num-

61 2567 276 2624 nquam
325 2545 480 2607 edito
532 2567 690 2628 partu
727 2595 746 2621 ,
808 2569 1053 2608 matrum
1108 2544 1331 2605 affectus

1007 2632 1043 2687 f
1084 2629 1141 2710 iij

1459 554 1535 599 55«
