1659 2917
266 145 738 195 ANNALIUM
788 119 1166 194 L1n..X111'.
1260 145 1369 215 133

104 235 236 297 dolo
256 232 563 295 Messalinae
589 230 943 291 interfectam
962 281 978 304 ,
1010 258 1105 315 per
1130 234 1370 316 quadra-
1388 245 1591 306 —-.....--=}

103 321 256 403 ginta
276 341 449 378 annos
472 365 490 390 ,
526 338 642 374 non
668 315 821 374 cultu
841 315 941 373 nisi
970 316 1228 398 lugubri,
1253 343 1369 379 non
1389 322 1436 362 A.
1455 322 1504 360 U·
1526 317 1590 360 C}

102 403 293 462 animo
321 400 422 460 nisi
451 401 638 459 maesto
663 400 794 481 egit.
839 399 1018 479 quue
1042 400 1157 472 illi,
1187 403 1368 486 impe-
1429 393 1544 435 3¹0·

100 487 305 546 ritante
317 484 565 545 Claudio
581 531 600 556 ,
615 484 872 566 impune,
889 506 1029 541 mox*
1046 484 1117 542 ad
1133 484 1371 567 gloriam
1423 469 1460 508 ’τ’
1491 467 1557 510 ὼ

101 570 286 630 vertit.

183 655 462 713 XXXIII.
498 654 650 709 IDEM
684 672 859 709 annus
891 648 1072 732 plures
1110 672 1231 710 reos
1275 653 1376 712 ha-

103 735 225 794 buit
258 762 270 795 :
315 758 557 817 quorum
605 736 664 791 P.
709 734 979 803 Celerem
1016 781 1033 806 ,
1085 734 1374 799 accusante

99 818 228 878 Afifi
265 869 282 892 ,
334 819 466 901 quia
509 815 793 876 absolvere
822 817 1111 898 nequibat
1154 818 1332 878 Caesar
1356 869 1373 895 ‚

100 904 264 961 traxit
294 951 310 975 ‚
363 901 580 962 senecta
633 900 815 959 donec
867 923 1117 961 mortem
1172 903 1383 966 obiret,-

98 987 250 1046 Nam
280 986 487 1059 Celer,
532 983 830 1044 interfecto
853 1033 871 1057 ,
912 1007 974 1045 ut
1013 989 1326 1047 memoravi
1356 1037 1375 1062 9

99 1069 287 1129 Silano
312 1067 640 1153 proconsule
663 1116 680 1140 ‚
723 1069 1114 1150 magnitudine
1158 1069 1376 1132 sceleris

101 1175 286 1213 cetera
329 1154 537 1237 flagitia
584 1152 905 1235 obtegebat.
980 1150 1377 1215 Coffutianum

101 1239 447 1319 Capitonem
486 1235 695 1295 Cilices
731 1236 1047 1296 detulerant
1073 1285 1090 1310 ,
1135 1262 1376 1299 <emacu-

99 1320 324 1379 mlosum
352 1320 684 1400 foedumque
710 1366 727 1391 ,
770 1328 827 1380 &
850 1320 1007 1379 idem
1030 1329 1113 1402 jus
1136 1323 1377 1383 audaciae

97 1405 201 1462 min
224 1403 510 1488 provincia
534 1416 716 1463 ratum
736 1451 752 1476 ‚
785 1404 942 1485 quod
963 1404 1024 1462 in
1041 1405 1200 1467 Urbe
1225 1431 1377 1468 exera

93 1509 330 1548 aucuerat
347 1518 406 1549 κ».
435 1487 544 1547 Sed
564 1487 844 1571 pervicaci
868 1486 1212 1551 accusatione
1237 1516 1376 1551 con-

97 1571 331 1632 flictatus
357 1620 374 1645 ,
416 1573 693 1655 postremo
726 1569 1114 1632 defensionem
1147 1575 1333 1634 omifit
1356 1623 1374 1648 ‚

97 1679 162 1714 ac
201 1654 325 1738 lege
363 1655 799 1737 repetundarum
832 1655 1126 1716 damnatus
1151 1660 1240 1717 est.
1268 1662 1376 1729 Pro

99 1738 268 1820 Eprio
292 1737 572 1797 Marcello
593 1786 610 1810 ‚
653 1762 685 1796 a
711 1761 823 1818 quo
858 1739 1015 1817 Lycii
1048 1763 1130 1800 res
1165 1763 1379 1823 repete-

101 1820 238 1887 bant
267 1869 283 1893 ,
326 1825 396 1880 eo
442 1819 613 1900 usque
662 1821 905 1880 ambitus
955 1824 1280 1904 praevaluit,
1318 1847 1380 1884 ut

101 1904 338 1985 quidam
364 1904 747 1964 accusatorum
777 1911 892 1984 ejus
919 1906 1106 1966 exfilio
1145 1908 1383 1968 mulcta-

103 2010 294 2048 rentur
340 2036 356 2061 ,
414 2016 447 2040 oc
469 2009 741 2069 tanquam
797 1987 1005 2048 insonti
1067 1991 1383 2074 periculum

101 2100 137 2126 πο
149 2069 402 2131 fecissent
416 2102 449 2125 m
462 2119 480 2132 .>

189 2158 470 2217 XXXIV.
524 2157 778 2215 NERONE
829 2155 1061 2216 tertium
1111 2157 1335 2219 consule
1362 2174 1593 2232 ,εἴ-Ἣ

107 2236 271 2298 simul
297 2240 422 2299 iniit
455 2239 805 2300 consulatum
825 2240 1083 2302 Valerius
1113 2242 1346 2303 Meffala
1361 2292 1377 2317 ,
1398 2233 1447 2271 A.
1471 2235 1520 2273 U·
1540 2234 1594 2275 C.

95 2330 262 2404 'cujus
307 2347 576 2406 proavum
604 2372 621 2396 ,
680 2345 962 2385 oratorem
1013 2327 1331 2386 Corvinum
1359 2375 1376 2400 ,
1435 2307 1563 2425 58¹2·

110 2405 243 2464 divo
273 2406 519 2491 Augusto
536 2456 552 2481 ,
588 2408 764 2467 abavo
783 2410 1024 2469 Neronis
1045 2458 1062 2482 ‚
1101 2410 1378 2493 collegam
1462 2412 1556 2511 '53⁸‘

98 2489 171 2547 in
198 2512 265 2548 eo
291 2493 606 2574 magistratu
636 2490 794 2551 fuiffe
815 2541 830 2565 ‚
866 2495 1024 2576 pauci
1044 2501 1159 2574 jam
1181 2494 1376 2553 senum

100 2574 525 2638 meminerant:
568 2575 667 2639 sed
706 2576 888 2638 nobili
925 2576 1152 2639 familiae
1195 2578 1378 2645 honor

1453 546 1539 594 575'
