1637 2917
364 176 817 222 'ANNALIUM
867 160 1131 220 Nom.
1268 169 1395 240 '501'

186 262 308 313 Suos
318 258 595 327 superstites.
630 257 903 306 Precabatur
926 259 1078 307 Sextia
1102 297 1114 318 ‚
1144 273 1191 307 ut
1209 257 1268 306 L.
1291 260 1395 309 Ve—

118 344 262 378 terem
287 343 510 394 generum
534 332 577 373 &
597 324 844 372 Pollutiam
872 341 1057 389 neptem
1079 343 1093 385 3
1131 325 1189 373 L.
1213 324 1358 373 Vetus
1377 365 1392 387 ‚

119 411 169 443 ut
189 395 390 443 Sextiam
412 390 591 440 socrum
615 397 659 438 &
678 390 926 438 Pollutiam
950 389 1091 438 filiam
1114 408 1129 451 3
1157 390 1355 440 Pollutia
1376 431 1390 452 ,

115 476 168 509 ut
199 459 258 508 L.
288 458 508 508 Veterem
542 472 719 524 patrem
755 462 800 504 &
828 456 1030 505 Sextiam
1063 459 1211 505 aviam
1247 460 1394 504 relin-

118 540 278 593 queret
297 523 546 591 superstites
566 531 610 572 &
629 524 889 571 morituros.
922 521 986 570 At
1005 522 1187 570 fortuna
1205 521 1393 573 servavit

114 591 365 654 ordinem3
399 598 445 639 &
477 591 631 639 Sextia
666 587 847 649 senior,
883 585 1008 652 priris
1040 590 1257 637 exstinGta
1291 592 1352 638 est
1379 609 1392 639 :

119 673 215 706 tum
234 659 306 706 cui
326 659 539 723 proxima
559 674 661 705 aetas
676 695 689 716 ‚
708 672 836 721 pater
854 661 898 702 &
919 653 1014 702 filia
1032 656 1391 722 exstinguuntur.

182 722 362 774 Senior.
389 721 559 771 Melius
570 721 794 786 seniores.
952 770 960 780 ,

184 787 320 838 More
343 790 574 853 majorum.
605 787 684 836 De
713 786 805 836 hoc
837 760 1064 853 supplicio
1088 786 1261 839 dietum
1288 790 1395 848 Ait—2·

119 855 212 905 nal.
239 855 287 903 II
307 894 322 916 ,
360 871 435 919 32.

183 985 310 1035 CAP.
334 984 447 1034 XII.
485 985 627 1037 Fenz'o
663 986 798 1050 Rufo.
839 987 916 1036 De
941 1003 1035 1054 quo
1062 986 1234 1037 distum
1258 987 1392 1056 supra

115 1051 297 1103 annal.
320 1051 437 1114 XV,
466 1061 527 1102 66
551 1060 597 1102 &
625 1058 702 1102 68.
784 1059 793 1066 ’

183 1117 236 1169 V
232 1119 403 1169 iatores
435 1119 717 1170 tribunicios.
755 1118 881 1169 Cum
918 1121 1084 1170 tribuni
1153 1122 1264 1172 lebis
1292 1141 1391 1172 non

114 1184 339 1234 haberent
365 1186 547 1236 listores
563 1225 577 1248 ‚
607 1187 694 1235 illis
720 1188 913 1236 viatores
938 1141 1237 1256 apparegant.
1268 1188 1391 1248 Via7

117 1265 237 1299 tores
276 1252 383 1301 illos
418 1251 600 1302 Gall-icc}
638 1253 830 1302 dicimus
864 1253 944 1302 des
987 1255 1200 1306 courierS.
1255 1253 1391 1305 Olim

110 1332 325 1380 proceres
353 1318 559 1369 civitatis
589 1320 638 1369 'in
670 1319 800 1385 agris
828 1320 1124 1370 morabantur
1144 1342 1159 1369 .-
1206 1318 1257 1370 Cr'
1291 1324 1391 1371 cam

114 1382 346 1450 confilium
367 1384 596 1448 publicum
618 1384 982 1451 defiderabatur‚
1013 1404 1036 1435 e
1057 1386 1182 1436 villis
1201 1386 1393 1453 arceffea

113 1447 285 1499 bantur
314 1449 362 1499 in
380 1450 622 1516 finarum,
656 1467 714 1500 ex
747 1467 829 1517 quo
846 1491 864 1516 ,
896 1452 970 1518 qui
996 1468 1072 1501 eos
1094 1453 1348 1504 evocabant
1372 1465 1394 1519 ,*

113 1515 317 1568 viatores
350 1516 570 1566 nominati
588 1517 723 1580 finnt.

177 1581 459 1632 Neroneum.
494 1581 665 1632 Menfis
689 1582 865 1647 Aprilis
892 1599 1261 1650 cognomentum
1284 1584 1338 1634 N
1339 1603 1394 1634 e-

112 1650 242 1697 ronis
279 1649 373 1712 jam
411 1658 681 1716 acceperat,
725 1664 773 1697 ut
808 1647 1002 1699 vidimus
1043 1649 1179 1716 supra
1217 1650 1393 1700 Annal.

115 1713 232 1775 XV,
256 1732 336 1773 74.
378 1714 522 1770 Nunc
553 1715 778 1764 mensibus
813 1714 946 1763 Maio
983 1723 1029 1765 &
1064 1716 1207 1770 Junio
1248 1717 1394 1781 indita

113 1779 305 1830 Claudii
328 1787 373 1829 δε
395 1780 666 1832 Germanioi
689 1784 882 1830 nomina
900 1821 914 1842 ,
943 1781 1069 1852 quod
1088 1782 1221 1832 Nero
1242 1783 1394 1833 Clau-

116 1847 216 1897 dius
240 1845 547 1898 Germanicus
577 1848 998 1916 cognominabatur
1019 1888 1033 1911 ,
1058 1865 1108 1898 ut
1127 1852 1303 1899 constat
1335 1869 1393 1899 ex

118 1915 216 1977 ejus
245 1917 462 1964 nummis.
504 1916 582 1965 Sic
646 1931 774 1965 uarta
801 1932 907 1981 pars
936 1918 1050 1970 anni
1073 1915 1198 1965 foeda
1228 1916 1392 1971 adula—

117 1981 244 2029 tione
271 1998 448 2030 nomen
479 1999 506 2029 a
534 1933 727 2047 peslimo
753 1981 970 2047 Principe
1001 1985 1194 2048 accepit.

184 2045 378 2098 Junium
407 2047 609 2113 mensem.
639 2046 842 2112 Mensem
861 2087 877 2107 ‚
909 2047 1028 2096 forte
1058 2048 1281 2099 redundat
1297 2068 1313 2113 3
1344 2053 1395 2099 ni

117 2111 166 2163 id
189 2112 239 2161 fit
260 2112 464 2161 additum
486 2153 500 2175 ‚
533 2114 722 2177 majoris
748 2114 961 2163 claritatis
985 2115 1136 2163 causa.

184 2177 298 2229 Duo
313 2178 408 2242 jam
422 2178 653 2246 Torquati.
672 2180 844 2229 Lucius
857 2179 1123 2248 Torquatus
1143 2187 1188 2230 8<
1206 2198 1392 2248 patruus

119 2245 216 2307 ejus
255 2243 521 2313 Torquatus
562 2247 745 2295 Silanus
779 2286 792 2308 ‚
846 2262 895 2311 ut
939 2246 1112 2297 di&um
1155 2250 1219 2298 est
1259 2249 1390 2316 supra*

120 2311 243 2380 Cap.
279 2315 303 2358 8
324 2350 337 2372 ,
375 2318 421 2359 &
452 2312 625 2363 Annal.
646 2313 764 2375 XV,
793 2328 868 2378 35.-

183 2442 467 2492 CARXHI.
506 2443 596 2495 Vis
627 2444 907 2514 pestilentiae.
948 2449 1067 2499 Haec
1105 2421 1396 2517 pestilentia}

124 2525 224 2577 quae
243 2525 464 2559 autumno
488 2510 624 2560 saeviit
639 2551 653 2573 ,
691 2520 737 2561 &
759 2515 946 2581 triginta
976 2518 1123 2566 millia
1147 2517 1392 2565 hominum

124 2573 391 2642 absumpfit,
425 2578 530 2633 teste
550 2579 774 2628 Suetonio
806 2583 854 2629 in
884 2582 1000 2633 Ner.
1028 2586 1149 2647 Cap.
1173 2599 1229 2644 39
1250 2620 1264 2642 ‚
1294 2600 1393 2630 non

119 2642 319 2716 pestibus
336 2682 351 2708 ‚
384 2642 460 2696 sed
484 2647 922 2714 morbis-{meinaim
946 2689 964 2717 ‚
993 2646 1218 2700 maladies
1242 2644 1394 2712 epide'q
