1637 2917
402 152 860 209 'ANNALxuM
918 146 1178 207 Nom.
1315 164 1432 227 513·

155 244 243 299 hos
266 244 397 298 ludos
421 247 590 309 edidit3
622 246 720 296 Dio
749 247 841 294 loc.
861 246 935 293 cit.
969 245 1115 307 Cujus
1146 260 1298 294 autem
1329 247 1437 298 effiet

157 317 343 366 luxuriae
361 315 410 365 in
430 313 615 363 edendis
634 313 750 361 ludis
771 311 906 361 docet
922 310 1094 361 Plinius
1113 310 1332 376 XXXV,
1360 332 1435 379 13.

224 379 473 443 Utfertur.
509 381 645 442 Dio,
675 378 786 429 ibid.
1174 420 1177 421 γ

224 511 352 563 CAP.
371 510 616 565 XXXIX.
648 507 987 578 Ostenderetur.
1020 511 1211 560 Sueton.
1239 513 1290 561 in
1318 508 1436 562 Ner.

155 578 496 696 &agaim
516 643 749 696 collucere.
778 643 896 693 Haec
917 649 960 692 &
979 641 1107 711 seqq.
1131 643 1229 694 Dio
1248 647 1340 694 loe.
1359 645 1438 695 cit.

221 775 346 832 (ΖΑΒ.
367 775 478 824 XL.
509 774 582 824 Ac
606 772 850 825 Mithram.
869 775 968 825 Dio
988 775 1181 836 LXIII,
1206 792 1317 889 ρῑιῗ).
1339 792 1363 833 7
1378 792 1389 824 1
1404 791 1433 834 7

158 849 244 900 &7
257 861 274 890 1
287 843 502 892 8.Solem
517 840 698 889 Mithrae
718 845 911 891 nomine
930 843 1262 891 venerabantur
1317 840 1437 902 ersae,

157 910 330 977 aliique
363 909 552 974 plurimi
583 907 790 958 Orientis
822 911 1003 974 populi.
1043 908 1168 960 Vide
1199 907 1437 956 eruditiffi-

155 994 286 1024 mum
299 974 458 1041 Hyde,
476 973 676 1041 Historia
695 975 931 1042 religionis
950 989 1150 1024 veterum
1169 974 1437 1039 Persarum,

159 1059 272 1109 pag.
304 1048 393 1089 106
417 1047 460 1088 &
482 1040 608 1109 seqq.
642 1039 752 1104 Ejus
780 1042 923 1090 cultus
948 1041 1072 1109 apud
1096 1041 1338 1090 Romanos
1361 1042 1439 1088 in-

157 1110 300 1158 valuit
320 1145 333 1168 ,
361 1107 483 1155 unde
520 1124 587 1156 tot
619 1125 922 1157 monumenta
948 1148 960 1169 ,
1000 1126 1050 1157 D.
1089 1125 1196 1157 sol..
1233 1123 1439 1156 Iuvlc‘r.

156 1191 355 1224 MITHR.
389 1174 439 1222 id
469 1175 531 1222 est
557 1174 665 1222 Deo
691 1175 790 1223 Soli
814 1177 988 1224 invieoe
1013 1173 1228 1222 Mithrae:
1262 1173 1355 1241 qu&
1379 1173 1439 1221 de

159 1259 210 1290 re
229 1240 332 1290 vide
350 1239 578 1289 eruditum
591 1239 862 1308 Philippum
884 1259 911 1290 a
929 1240 1079 1289 Turre
1097 1279 1110 1301 ‚
1136 1238 1441 1289 Monumentoe

161 1307 334 1358 veteris
370 1306 505 1356 Antii
527 1347 542 1370 ,
573 1324 684 1374 pag.
727 1325 842 1368 157,
880 1308 957 1358 ubi
993 1308 1137 1357 multa
1175 1306 1231 1355 de
1265 1304 1442 1355 Mithra

162 1372 351 1442 ejusque
384 1373 544 1422 tabulis
575 1373 853 1440 symbolicis.

194 1528 202 1533 s
231 1503 358 1555 CAP.
382 1504 517 1553 XLI.
541 1503 789 1568 Respondit
811 1504 956 1555 Nero,
988 1503 1102 1554 Hoc
1118 1505 1325 1555 Neronis
1350 1500 1448 1552 res-

162 1570 361 1637 ponsum
386 1571 522 1619 habet
539 1570 637 1619 Dio
660 1610 673 1632 ‚
705 1572 797 1619 loc.
820 1573 895 1620 cit.

230 1635 348 1687 Mox
374 1635 633 1691 Tiridaten.
676 1637 868 1688 Sueten.
900 1640 951 1687 in
983 1630 1175 1688 Neron.
1218 1633 1342 1702 Cap.
1372 1649 1451 1704 13..

166 1702 267 1754 Dio
290 1742 305 1767 ‚
334 1703 447 1754 ibid.

171 1895 179 1897 ⁴
230 1835 358 1886 CAP.
384 1838 542 1887 XLII.
580 1835 699 1886 Auri
733 1835 908 1887 vilitas.
955 1835 1068 1886 Ideo
1106 1837 1213 1887 teste
1249 1837 1453 1899 Dione}

169 1902 261 1951 loc.
290 1907 365 1952 cit.
399 1906 492 1954 dies
516 1906 593 1953 ille
621 1920 781 1953 aureus
807 1905 1062 1970 appellatus
1085 1905 1162 1953 est.
1198 1904 1325 1955 Vere
1349 1904 1453 1954 Pli-

169 1971 273 2018 nius
295 1968 552 2031 XXXIII,
593 1989 614 2034 3
641 2008 654 2031 ,
689 1988 817 2019 num.
848 1978 922 2023 16.
974 1969 1078 2020 Nos
1091 1969 1324 2034 fecimus,
1355 1985 1456 2036 quae

167 2035 328 2102 posteri
354 2035 566 2102 fabulosa
605 2035 904 2086 arbitrentur.
969 2035 1166 2101 Caesar,
1201 2037 1275 2103 qui
1303 2036 1456 2104 postea

173 2099 368 2150 difflator
395 2102 496 2166 fuit
517 2141 532 2163 ‚
563 2102 735 2163 primus
762 2103 810 2153 in
839 2101 1061 2153 aedilitate
1090 2120 1273 2153 munere
1301 2103 1458 2167 patris

162 2165 384 2232 funebri,
406 2168 525 2218 omni
545 2184 765 2235 apparatu
785 2185 939 2219 arenae
961 2185 1181 2236 argenteo
1202 2169 1306 2236 usus
1325 2169 1398 2230 esi.
1419 2204 1462 2220 ..

175 2232 236 2283 C.
263 2232 497 2284 Antonius
527 2233 656 2284 ludos
670 2235 818 2301 scenci
845 2237 1064 2303 arg-enred
1082 2234 1216 2300 fecit.
1243 2274 1256 2286 .
1283 2274 1295 2287 .
1330 2230 1463 2286 Nero

175 2299 383 2362 Pompeii
422 2299 646 2350 theatrum
687 2300 860 2363 operuit
897 2319 1005 2352 auro
1040 2301 1089 2350 in
1121 2319 1260 2352 unum
1295 2301 1412 2353 diem
1440 2336 1459 2362 ,

174 2364 294 2433 quod
313 2364 516 2416 Tiridati
545 2365 643 2434 regi
665 2366 898 2418 Armeniae
929 2367 1192 2434 qsienderet.
1227 2366 1292 2416 Ec
1325 2380 1464 2434 quota

173 2448 296 2497 pars
323 2449 376 2481 ecz
389 2431 487 2496 fuit
509 2449 661 2482 aureae
686 2432 844 2483 domfis
871 2434 1109 2486 ambientis
1134 2433 1284 2485 urbem
1303 2439 1324 2482 !

252 2497 534 2549 Collocarus.
562 2500 752 2549 Sueton.
772 2499 884 2550 ibid.

254 2563 528 2615 Convivium
549 2567 738 2631 excepit.
766 2567 865 2616 Dio
883 2605 899 2628 ,
923 2568 1014 2617 loc.
1036 2570 1111 2616 cit.
1136 2567 1192 2615 In
1215 2564 1353 2614 aurea
1374 2563 1471 2612 ‹Io-¹

188 2647 269 2680 mo
284 2669 298 2694 ‚
328 2630 384 2680 de
406 2633 495 2702 quai
515 2631 659 2684 mod&
687 2634 860 2688 ditstum
879 2635 943 2686 est
959 2673 974 2698 ‚
1008 2633 1163 2684 datum
1189 2633 1470 2684 convivium·

1152 2697 1274 2760 ng
