1659 2917
262 142 387 221 '1'84
459 144 531 206 C.
576 143 1019 206 CORNELII
1070 148 1374 209 TAcrrx'

55 265 403 307 zzz—:noant
436 245 644 329 populo
679 245 1019 330 efflagitandi
1053 243 1243 308 Graeca
1274 244 1542 310 certami-2

48 315 172 430 Αὲυ·
193 323 241 364 C·
264 354 381 389 aona
411 329 814 413 magistratibus
846 330 1062 390 causam
1090 330 1211 393 fore
1238 380 1255 404 ,
1297 332 1428 391 cum·
1465 354 1538 390 eo

90 398 202 507 3⁰12:
264 412 530 496 „sumptu
558 411 863 496 respublica
893 412 1172 496 fungatur.
1223 417 1536 475 Oratorum

104 531 183 583 50·
263 521 371 557 aoac
408 517 600 557 vatum
630 497 883 556 victorias
914 497 1348 558 incitamentum
1374 499 1537 579 inge-

128 577 141 588 ”
261 581 413 640 soniis
437 580 723 640 allaturas:
747 602 848 639 nec
870 581 1131 662 cuiquam
1152 582 1326 662 judici
1346 603 1535 664 grave,

258 686 460 724 maures
503 664 690 723 studiis
734 664 972 723 honestis
1000 711 1017 736 ,
1059 674 1117 726 δε
1159 663 1536 746 voluptatibus

256 747 559 807 »concessis
578 747 892 830 impartire:
914 746 1110 807 laetitiae
1133 748 1311 830 magis
1326 795 1342 820 ,
1361 747 1534 829 quam

253 830 529 891 »lasciviae
567 831 687 889 dari
725 854 921 912 paucas
957 832 1126 891 totius
1164 830 1535 913 quinquennii

253 919 491 974 »noctes
513 961 529 985 ‚
551 914 775 995 quibUS‚
798 913 952 972 tanta
968 913 1090 974 luce
1111 916 1330 996 ignium
1352 961 1367 986 ‚
1393 912 1538 973 nihil

252 998 578 1057 aoinlicitum
606 996 875 1055 occultari
901 1020 1143 1078 queat».
1197 999 1335 1056 Sane
1374 996 1533 1056 nullo

253 1079 455 1162 insigni
501 1079 1002 1140 dehonestamento
1051 1081 1111 1140 id
1158 1078 1535 1163 spectaculum

255 1162 481 1225 tranfiit.
545 1163 631 1222 Ac
682 1186 753 1223 ne
803 1163 1030 1222 modica
1078 1164 1314 1245 quidem
1362 1163 1539 1229 studia

254 1248 433 1332 plebis
464 1244 706 1308 exarsere
734 1293 750 1318 ‚
798 1247 930 1328 quia
956 1246 1164 1306 redditi
1189 1269 1536 1329 quamquam

254 1331 426 1392 scenae
489 1330 826 1414 pantomimi
863 1377 880 1402 ,
931 1331 1330 1391 certaminibus
1376 1330 1539 1390 sacris

255 1414 714 1498 prohibebantur.
756 1412 1102 1493 Eloquentiae
1128 1415 1332 1494 primas
1361 1437 1535 1475 nemo

257 1498 387 1559 tulit
409 1546 425 1570 ‚
456 1496 554 1557 sed
579 1525 611 1550 α
630 1498 904 1557 ’delorem
926 1494 1033 1556 effe
1058 1495 1381 1556 Caesarem„
1413 1519 1540 1578 pro-

257 1582 597 1641 nuntiatum.
640 1580 819 1639 Graeci
842 1580 1076 1639 amiotus
1094 1628 1112 1653 ,
1154 1604 1295 1661 quos
1318 1602 1414 1663 per
1443 1602 1539 1639 eos

259 1665 386 1725 dies·
414 1664 664 1748 plerique
707 1661 1036 1723 incefferant
1062 1710 1080 1736 ‚
1130 1683 1254 1724 tum
1281 1662 1538 1724 exoleve-

262 1769 402 1808 rant.

339 1833 533 1890 XXII.
567 1833 643 1889 IN
666 1853 700 1888 T
721 1853 749 1889 E
771 1852 814 1888 R
850 1853 969 1911 quae
1009 1837 1068 1890 δε
1106 1828 1250 1890 fidus
1289 1848 1540 1889 cometes

263 1912 496 1991 effulfit3
522 1913 593 1972 de
611 1937 726 1994 quo
737 1912 891 1993 vulgi
906 1912 1099 1992 opinio
1116 1914 1218 1983 est,
1246 1930 1542 1993 tamquam

260 1998 638 2056 mutationem
691 1996 873 2074 regnis
922 1994 1234 2074 portendat.
1311 1996 1486 2076 Igitur
1518 2041 1538 2066 ‚

259 2078 411 2162 quafi
440 2087 555 2160 jam
577 2076 806 2160 depulso
831 2079 1059 2138 Nerone
1087 2126 1102 2149 ,
1147 2076 1403 2159 quisnam
1436 2078 1539 2137 de-

260 2164 527 2246 ligeretur
570 2160 939 2242 anquirebant
974 2186 986 2219 :
1040 2170 1097 2222 &
1137 2162 1398 2220 omnium
1440 2182 1540 2220 ore

260 2245 554 2307 Rubellius
576 2244 796 2303 Plautus
820 2243 1201 2304 celebrabatur
1220 2292 1236 2317 ,
1262 2244 1350 2303 cui
1371 2243 1539 2302 nobi-

263 2330 385 2389 litas
424 2351 520 2411 per
561 2349 801 2388 matrem
838 2349 904 2386 ex
942 2327 1087 2390 Julia
1128 2325 1360 2386 familia.
1417 2324 1539 2409 Ipse

263 2412 462 2496 placita
487 2419 765 2491 majorum
790 2409 1009 2470 colebat
1033 2459 1049 2484 ‚
1087 2411 1283 2469 habitu
1306 2407 1493 2469 severo
1516 2455 1537 2481 ,

265 2494 401 2555 casta
433 2503 490 2555 ὃ(
516 2492 721 2554 secreta
760 2493 977 2573 domo3
1021 2494 1340 2574 quantoque
1379 2513 1538 2552 metu

263 2576 568 2652 occultior,
590 2578 747 2638 tanto
770 2575 890 2659 plus
910 2574 1070 2638 famae
1092 2577 1340 2661 adeptus.
1362 2574 1539 2644 Auxit
