1659 2917
43 271 238 298 a

47 325 99 367 A.
123 326 168 363 U.
193 326 246 365 C.

94 395 204 440 809.

83 465 125 508 J.
158 465 206 504 C.

107 536 192 594 56·

267 166 375 224 ¹32
450 146 521 206 C.
563 144 1006 207 Gonnum
1055 144 1361 209 TAcz-r?

261 247 374 306 „ab
393 246 456 305 iis
475 245 704 319 dictam,
717 250 1002 329 quaestores
1019 248 1187 306 aerarii
1207 250 1266 308 in
1283 244 1537 330 publicai*

261 360 293 383 ω
307 330 516 389 tabulas
530 378 547 402 ‚
566 351 693 390 ante
708 353 945 412 quatuor
966 329 1199 402 mense5‚
1224 330 1493 392 referrent
1506 355 1526 409 3

261 413 497 473 :omedio
549 415 816 496 temporis
867 414 1243 474 contradicere
1299 414 1489 474 liceret
1514 439 1529 472 z

260 528 294 553 ω
307 497 488 578 deque
510 518 576 555 eo
602 495 849 556 consules
868 499 1163 557 statuerent
1179 528 1212 551 υ
1226 544 1237 557 .
1260 497 1533 556 Cohibita

259 581 459 641 arotius
494 588 549 640 δέ
576 579 819 638 aedilium
846 581 1079 660 potestas
1101 627 1117 650 ‚
1157 582 1532 660 statutumque

253 693 300 722 ⁴cc
317 683 591 745 quantum
618 662 869 734 curule3‚
909 682 1182 743 quantum
1217 663 1403 744 plebei
1444 664 1530 743 pi-

260 747 495 829 mgnoris
519 765 807 826 caperent,
835 746 921 804 vel
944 768 1115 826 poenae
1138 747 1532 828 inrogarentn.

264 833 347 892 Eo
388 829 679 889 Helvidius
719 826 928 887 Priscus
953 876 969 900 ,
1017 829 1266 887 tribunus
1316 828 1532 909 plebis,

266 912 525 974 adversus
567 910 976 970 Obultronium
1008 911 1273 971 Sabinum
1302 957 1318 981 ‚
1364 912 1535 970 aerarii

262 998 590 1078 quaestorem
612 1041 629 1066 ‚
669 995 1053 1053 contentiones
1093 995 1336 1075 proprias
1381 1017 1537 1054 exer-

267 1080 382 1138 cuit
403 1106 464 1150 ,cc
480 1093 768 1158 tamquam
789 1085 872 1157 jus
893 1077 1048 1134 hastae
1069 1077 1325 1136 adversus
1343 1077 1536 1158 inopes

266 1161 682 1221 minclementet
724 1179 1028 1241 augeret».
1086 1161 1242 1219 Dein
1279 1161 1537 1242 Princeps

269 1268 463 1304 curam
492 1243 804 1302 tabularum
830 1242 1180 1324 publicarum
1208 1267 1243 1302 a
1268 1238 1539 1324 quaestoriss

270 1329 372 1388 bus
396 1328 466 1386 ad
488 1324 769 1409 praefecstos
796 1326 1081 1385 transtulit.

352 1412 570 1470 XXIX.
592 1411 794 1470 VARIE
819 1408 1008 1467 habita
1026 1457 1042 1480 ‚
1082 1433 1143 1467 ac
1172 1409 1307 1493 saepe
1334 1410 1542 1469 immu-

270 1514 386 1553 tata
403 1500 516 1574 ejus
531 1493 609 1550 rei
625 1489 825 1550 forma.
840 1493 989 1549 Nam
1003 1492 1276 1572 Augustus
1294 1491 1541 1575 permisit

270 1576 487 1635 senatui
509 1574 754 1655 deligere
778 1573 1058 1654 praefectos
1083 1599 1094 1631 :
1128 1574 1259 1634 dein
1280 1622 1294 1645 ,
1325 1575 1543 1634 ambitu

268 1658 662 1741 suffragiorum
690 1656 935 1738 suspecto
961 1705 977 1729 ,
1018 1656 1161 1716 sorte
1193 1659 1542 1717 ducebantur

271 1766 342 1802 ex
399 1762 637 1800 numero
694 1760 989 1822 praetorum
1019 1788 1036 1812 ‚
1091 1741 1188 1820 qui
1240 1739 1539 1822 praeessent.

269 1827 474 1906 Neque
497 1823 558 1882 id
579 1823 678 1881 diu
701 1821 929 1894 manfit,
964 1823 1094 1902 quia
1117 1821 1228 1881 sors
1251 1823 1543 1883 deerrabat

272 1908 348 1967 ad
369 1928 565 1988 parum
593 1905 843 1963 idoneos,
883 1907 1048 1963 Tunc
1080 1905 1348 1966 Claudius
1372 1905 1543 1988 quaes-

274 2011 422 2050 tores
454 1986 666 2046 rursum
699 1985 998 2067 imposuit3
1041 1985 1215 2067 iisque
1237 2036 1253 2060 ‚
1288 2013 1359 2048 ne
1387 2010 1545 2048 metu

272 2069 647 2132 offenfionum
693 2068 909 2151 segnius
955 2068 1309 2130 consulerent
1330 2120 1347 2144 ,
1393 2092 1546 2131 extra

273 2155 537 2214 ordinem
589 2153 828 2211 honores
879 2151 1144 2235 promifit.
1205 2154 1313 2212 Sed
1354 2153 1545 2214 deerat

272 2237 446 2297 tobur
488 2236 656 2294 aetatis
702 2258 834 2294 eum
878 2236 1123 2316 primum
1163 2237 1545 2318 magistratum

276 2317 692 2400 capessentibus.
740 2318 912 2398 Igitur
955 2320 1107 2377 Nero
1152 2318 1378 2399 praetura
1423 2342 1547 2400 per-

278 2402 498 2463 functos
522 2449 538 2472 ‚
583 2411 640 2460 δε
667 2400 1000 2483 experientia
1028 2401 1285 2480 probatos
1313 2402 1542 2482 delegit.

363 2486 554 2544 XXX.
594 2485 947 2544 DAMNATUS
992 2482 1190 2543 iisdem
1230 2484 1544 2545 consulibus

273 2566 573 2653 yipsanius
594 2568 781 2626 Laenas
795 2615 813 2642 ,
844 2595 877 2620 oc
893 2568 968 2628 ob
990 2567 1301 2629 Sardiniam
1322 2568 1546 2651 provin--¹
