1725 2983
282 154 359 206 94
460 131 532 189 C.
577 129 1023 189 CORNELH
1079 130 1375 200 TAcmx

67 259 260 294 ςπ-
283 228 490 288 artibus
513 277 529 302 ,
578 252 698 311 quae
738 226 1019 288 Statilium
1056 231 1311 290 Taurum
1358 232 1556 315 opibus

71 313 119 352 A.
136 313 187 349 U·
209 310 258 350 C.
282 312 569 372 inlustrem
589 362 605 385 ,
637 313 809 371 hortis
835 319 948 393 ejus
973 313 1190 373 inhians
1207 362 1223 387 ,
1254 318 1518 397 pervertit
1537 365 1555 389 ,

112 383 219 424 806.

286 394 570 457 accusante
621 397 919 477 Tarquitio
968 395 1166 456 Prisco.
1230 401 1471 480 Legatus
1510 402 1556 460 is

125 482 235 586 '53⁰'
284 481 515 552 Tauri,
572 478 827 538 Africam
884 480 1124 562 imperio
1181 482 1556 561 proconsulari

283 564 526 647 regentis
552 610 575 646 ι,
627 565 918 646 postquam
963 584 1290 622 revenerant
1318 611 1335 635 ‚
1383 588 1555 647 pauca

287 676 321 699 ct
336 646 773 731 repetundarum
799 645 1034 704 crimina
1047 675 1081 698 :D
1093 693 1109 718 ‚
1125 645 1420 705 ceterum«
1437 671 1555 707 ma-

276 731 469 815 nogicas
487 730 893 812 superstitiones
907 758 939 780 υ)
966 729 1298 810 objectabat.
1313 731 1434 789 Nec
1456 730 1553 791 ille

278 814 487 874 diutius
517 811 716 872 falsum
742 810 1119 872 accusatorem
1141 861 1158 886 ,
1184 812 1552 896 indignasque

276 897 464 959 sordes
497 895 770 981 perpeffus
793 945 809 968 ‚
853 896 972 954 vim
1015 897 1138 955 virae
1176 894 1279 955 suae
1325 898 1550 970 attulit,

277 1004 406 1043 ante
428 981 760 1041 sententiam
777 978 1008 1040 senatus.
1023 980 1346 1060 Tarquitius
1361 1002 1551 1041 tamen

277 1065 427 1126 curia
451 1069 666 1125 exactus
694 1065 799 1123 est:
838 1063 992 1143 quod
1027 1085 1206 1145 patres
1236 1063 1370 1122 odio
1402 1065 1553 1122 dela-

279 1150 411 1209 toris
439 1196 455 1221 ‚
509 1169 701 1207 contra
747 1146 1027 1206 ambitum
1065 1147 1387 1229 Agrippinae
1433 1169 1554 1230 per-

277 1234 476 1293 vicere.

359 1318 484 1374 LX.
538 1317 751 1374 EODEM
793 1336 941 1372 anno
981 1309 1167 1393 saepius
1212 1312 1402 1371 audita
1445 1337 1552 1372 vox

279 1397 550 1481 Principis
571 1446 586 1470 ‚
616 1420 858 1478 oe‘parem
881 1397 998 1454 vim
1021 1417 1209 1453 rerum
1232 1395 1553 1455 habendam

275 1506 353 1539 aaa
380 1481 823 1564 procuratoribus
847 1478 952 1538 suis
973 1478 1343 1560 judicatarum
1366 1527 1382 1551 ‚
1418 1503 1478 1537 ac
1512 1480 1551 1546 fi

252 1576 254 1578 ’
277 1564 432 1647 »ipse
456 1562 786 1639 statuisset».
813 1563 895 1622 Ac
921 1586 991 1621 ne
1017 1559 1249 1621 fortuito
1270 1561 1550 1645 prolapsus

276 1649 561 1708 videretur
581 1696 596 1719 ,
645 1645 859 1706 senatus
887 1669 1110 1726 quoque
1137 1646 1387 1704 consulto
1426 1670 1551 1706 cau-

278 1752 403 1790 tum
453 1729 667 1814 plenius
703 1779 718 1802 ,
781 1730 952 1811 quam
1003 1749 1164 1787 antea
1208 1737 1265 1789 &
1310 1729 1549 1794 uberius.

276 1817 427 1874 Nam
470 1816 628 1873 divus
660 1814 935 1895 Augustus
958 1859 973 1882 ‚
1011 1840 1044 1863 <t
1065 1812 1212 1893 apud
1240 1814 1512 1893 equestres
1532 1861 1549 1886 ,

274 1927 308 1951 ω
320 1899 418 1978 qui
436 1901 672 1980 AEgypro
697 1895 1064 1979 praefiderent‚
1080 1895 1203 1976 lege
1226 1897 1335 1977 agi,
1360 1895 1552 1957 decre-

276 2003 489 2061 mtaque
513 2002 721 2039 eorum
758 1978 991 2061 proinde
1027 1977 1262 2036 haberi»
1294 1977 1548 2058 jusserat,

286 2091 321 2113 ct
336 2088 394 2122 ac
413 2063 449 2122 si
465 2064 806 2146 magistratus
821 2061 1067 2121 Romani
1082 2060 1547 2122 constituissentn:

278 2171 412 2206 mox
436 2147 564 2206 alias
593 2169 689 2229 per
713 2145 1019 2228 provincias
1044 2191 1060 2216 ,
1092 2153 1149 2205 &
1173 2147 1231 2202 in
1255 2146 1413 2205 Urbe
1435 2146 1549 2229 ple-

276 2255 446 2312 raque
477 2228 727 2289 concessa
754 2227 886 2288 sunt
911 2276 928 2300 ‚
970 2250 1088 2308 quae
1116 2226 1257 2286 olim
1289 2253 1320 2287 a
1349 2250 1548 2311 praeto-

274 2315 424 2373 ribus
472 2312 857 2373 noscebantur.
925 2310 1198 2370 Claudius
1247 2335 1418 2372 omne
1461 2320 1546 2394 jus

276 2397 547 2469 tradidit,
593 2396 664 2455 de
704 2421 816 2478 quo
856 2396 1060 2457 totiens
1092 2393 1367 2455 seditione
1395 2443 1412 2468 ‚
1453 2417 1546 2457 aur
1584 2402 1588 2403 ⁷

277 2482 443 2541 armis
471 2529 488 2553 ‚
535 2501 805 2540 certatum
832 2528 848 2551 ,
893 2478 1023 2538 cum
1068 2480 1407 2562 Semproniis
1454 2502 1546 2538 ro-

276 2563 591 2650 gationibus
639 2566 885 2645 equester
930 2561 1071 2622 ordo
1117 2564 1178 2623 in
1222 2561 1541 2647 poffeffione
