1659 2917
239 116 721 161 ANNALIUM
765 96 933 158 L'IB.
970 93 1138 162 XVI.
1232 120 1349 176 299

74 195 338 269 Fabatu3‚
365 220 534 279 eques
554 199 849 256 Romanus
873 223 885 256 :
915 198 1048 279 qui,
1074 197 1353 282 appellato
1374 221 1568 261 Ξ

75 277 330 363 Principe
351 329 367 354 ,
402 282 701 341 instantem
739 280 1168 342 damnationem
1207 280 1348 342 frus-
1371 279 1421 320 A.
1439 280 1488 321 U·
1508 280 1567 323 C.

73 364 200 434 trati
215 411 232 436 ‚
257 388 389 423 mox
416 366 708 425 Neronem
734 364 877 423 circa
898 363 1121 423 summa
1144 364 1348 427 scelera
1403 354 1530 445 8¹8⁸,

70 438 376 518 distentum
402 496 418 521 ,
466 448 616 530 quasi
642 449 888 508 minores
914 495 931 520 ,
971 446 1207 508 evasere.

73 570 79 575 -
161 532 262 591 IX.
293 533 446 590 TUN
466 556 497 590 c
534 530 786 593 consulto
816 529 1032 592 senatus
1053 578 1071 604 ‚
1111 560 1143 583 ot
1163 533 1349 592 Cassio

67 621 174 674 20&
228 613 416 674 Silano
467 616 650 676 exsilia
673 646 706 670 x>
751 615 1127 675 decernuntur
1152 638 1168 693 3
1221 644 1254 667 cc
1278 617 1354 678 de

68 725 104 751 :o
115 697 329 780 Lepida
343 698 525 758 Caesar
539 703 796 760 statueret
811 730 845 754 πο
858 746 871 759 .
893 697 1353 781 Deportatusque

67 779 129 840 in
172 779 410 840 insulam
451 784 765 843 Sardiniam
808 782 1020 843 Caffius
1062 791 1120 843 δε
1158 781 1355 843 senec·-

69 883 155 923 tus
183 872 297 946 ejus
328 866 756 951 exspectabatur.
774 867 987 927 Silanus
1010 914 1027 939 ‚
1056 888 1354 949 tamquam

67 948 294 1008 Naxum
337 950 707 1014 deveheretur
747 999 764 1025 ,
807 953 1030 1012 Ostiam
1078 972 1353 1030 -amotus;

69 1033 187 1117 post
230 1036 540 1119 municipio
583 1037 800 1120 Apuliae
828 1085 845 1109 ‚
891 1036 980 1095 cui
1020 1059 1235 1095 nomen
1275 1038 1354 1096 est

67 1116 299 1177 Barium
326 1167 342 1191 ‚
388 1120 681 1180 clauditur.
739 1119 860 1180 Illic
903 1118 1355 1202 indignissimurn

68 1200 257 1260 casum
295 1200 568 1285 sapienter
601 1203 843 1263 tolerans
863 1252 880 1276 ‚
915 1228 947 1263 a
976 1204 1305 1263 centurione
1332 1217 1362 1276 ‚¹

69 1285 145 1344 ad
164 1284 374 1346 caedem
398 1286 561 1347 misso
583 1334 600 1360 ‚
622 1288 948 1370 corripitur:
970 1287 1355 1369 Suadentique

69 1395 112 1422 a
130 1391 297 1428 venas
327 1370 739 1455 abrumperem,
779 1372 1083 1430 unanimum
1112 1371 1354 1452 quidem

67 1453 288 1512 »morti
327 1453 714 1515 destinatum»
743 1455 820 1515 ait
841 1503 858 1528 ‚
890 1483 922 1508 oc
940 1453 1037 1514 sed
1077 1478 1194 1513 non
1230 1477 1356 1537 per-

67 1537 341 1598 :nmittere
375 1538 673 1620 percussori
705 1539 946 1622 gloriam
978 1539 1269 1598 ministerii
1290 1558 1362 1600 20.'

67 1621 150 1681 At
181 1624 434 1681 centurio
457 1671 473 1695 ‚
511 1625 769 1705 quamvis
793 1623 1074 1682 inermem
1097 1669 1113 1693 ‚
1153 1643 1357 1703 praeva-

71 1703 255 1762 lidum
292 1725 485 1766 tamen
512 1754 529 1779 ‚
569 1715 625 1766 &
665 1707 754 1765 irae
791 1705 964 1787 quam
997 1706 1191 1763 timori
1221 1727 1357 1787 pro-

70 1789 319 1870 piorem,
343 1813 606 1862 cernens,
623 1790 806 1872 premi
830 1813 862 1848 a
883 1787 1158 1848 militibus
1175 1788 1356 1869 jubet.

69 1873 191 1929 Nec
229 1873 416 1932 omisit
451 1874 663 1932 Silanus
694 1873 878 1932 obniti
904 1921 922 1945 ,
966 1881 1024 1932 &
1053 1872 1354 1933 intendere

69 1954 208 2014 ictus
232 2000 249 2026 ‚
291 1957 569 2036 quantum
599 1957 858 2016 manibus
893 1955 1058 2015 nudis
1083 1955 1305 2016 valebat
1331 1975 1359 2029 ,¹

73 2039 254 2101 donec
283 2064 314 2098 a
348 2042 677 2101 centurione
707 2039 1032 2102 vulneribus
1062 2038 1302 2101 adversis
1329 2085 1357 2114 ‚

47 2143 369 2202 ,tamquam
395 2125 456 2185 in
489 2149 676 2209 pugna
699 2172 716 2199 ‚
754 2124 998 2185 caderet.

25 2213 60 2289 J.
150 2209 227 2268 X.
249 2211 442 2269 HAUD
463 2209 649 2269 minus
668 2210 925 2292 prompte
944 2211 1010 2267 L.
1023 2208 1204 2268 Vetus
1222 2253 1239 2279 ‚
1262 2203 1355 2264 so-'

11 2303 14 2306 ’
58 2290 305 2376 crusque
329 2300 442 2373 ejus
455 2293 655 2366 Sextia,
670 2302 726 2354 δε
741 2291 982 2352 Pollutia
995 2290 1129 2364 filia,
1147 2310 1352 2350 necem

70 2372 310 2438 subiere:
336 2375 494 2436 invifi
510 2378 772 2458 principi,
792 2398 1085 2458 tamquam
1104 2373 1352 2434 vivendo

76 2462 472 2542 exprobrarent
499 2459 863 2521 interfectum
885 2459 992 2521 effe
1015 2458 1355 2519 Rubellium

75 2543 335 2606 Plautum
360 2591 379 2619 ,
422 2568 698 2630 generum
739 2545 903 2609 Lucii
939 2543 1182 2687 viimi-S·
1239 2538 1356 2603 Sed.

1100 2648 1156 2700 Vl

1424 457 1434 468 ·
1509 453 1528 474 ι

1433 497 1515 550 65⁸,
