1637 2917
254 128 373 195 374
536 120 1228 179 SUPPLEMENTUM

249 215 472 276 attineri
498 264 515 289 ‚
551 215 679 276 licet
701 217 761 276 in
784 218 957 278 fidem
983 241 1253 303 acceptos.
1320 218 1525 298 Amori

34 296 90 336 A.
106 297 157 334 U·
178 297 225 337 C.
251 302 423 360 etiam
450 301 907 384 praetorianorum
935 303 1186 386 plerique
1203 351 1220 376 ,
1252 303 1326 363 ob
1348 306 1522 383 Nym*

77 365 189 410 821.

80 438 117 478 J.
138 441 190 480 C.

89 509 169 560 ,680

252 384 436 468 phidii
474 384 772 444 molimina
810 384 1057 468 suspeeti.
1103 390 1526 462 Germanorum

252 470 452 528 cohors
472 516 489 541 ‚
531 492 650 550 quae
677 469 867 528 multis
892 471 1026 530 fidei
1054 471 1447 552 experimentis
1467 469 1525 531 se

249 552 525 637 prioribus
558 552 864 612 Caesaribus
901 554 960 612 in
999 556 1242 636 corporis
1280 554 1525 614 custodi&

247 635 677 722 approbaverat,
703 659 825 696 tum
853 635 1148 709 dissoluta,
1186 663 1246 698 ac
1271 637 1383 697 fine
1406 637 1523 698 ullo

248 721 559 781 commodo
584 722 644 779 in
667 722 902 802 patriam
925 720 1180 800 remiffa3
1218 721 1368 804 quasl
1393 723 1523 780 Do—

245 804 459 865 labellae
491 854 509 878 ‚
559 812 710 886 juxta
762 812 914 887 cujus
963 807 1156 865 hortos
1203 804 1522 878 tendebat,

247 911 494 973 pronior.

336 973 552 1032 XCVI.
576 973 710 1031 TAL
728 995 746 1029 1
764 994 794 1030 B
813 994 849 1029 U
868 996 890 1031 s
921 994 1038 1030 non
1061 969 1207 1032 facta
1230 941 1526 1043 securitas,‘
1596 1014 1602 1020 -

243 1056 480 1117 conflata
505 1055 725 1115 tantum
752 1055 884 1114 odia
915 1102 930 1127 ‚
971 1079 1090 1136 quae
1123 1058 1184 1116 in
1226 1056 1346 1116 dies
1386 1053 1524 1115 cres-

243 1140 444 1200 cebant
483 1185 501 1210 ,
557 1140 696 1200 dum
740 1139 889 1223 apud
929 1137 1122 1199 senem
1156 1185 1173 1212 ,
1221 1140 1281 1198 in
1330 1156 1521 1222 poenas

241 1240 570 1308 promptum
595 1272 612 1296 ,
652 1224 875 1284 tardum
917 1223 989 1282 ad
1065 1224 1250 1283 raemia
1272 1271 1290 1296 ,
1336 1222 1522 1283 nullus

241 1306 376 1369 effer
399 1309 586 1390 gratiae
607 1308 760 1367 locus
778 1356 794 1380 ‚
817 1247 1225 1389 conceflfaiquea
1244 1307 1521 1392 prioribus

241 1392 590 1474 Principibus
615 1392 889 1451 beneficia
912 1391 1273 1471 eriperentur.
1302 1392 1523 1450 Inritati

239 1475 421 1535 adhuc
444 1476 656 1546 animi,
680 1475 833 1555 quod
852 1522 868 1545 ‚
895 1473 1054 1556 super
1072 1475 1341 1557 Principis
1364 1475 1520 1547 vitia,

241 1567 456 1641 majora
482 1581 547 1617 ex
573 1558 902 1631 hominibus
920 1604 937 1628 ,
979 1557 1181 1638 quibus
1208 1556 1261 1617 se
1293 1557 1524 1617 abuten-

241 1642 382 1701 dum
400 1639 723 1725 permiserat
738 1688 754 1713 ,
779 1642 1057 1700 orirentur
1073 1640 1337 1723 pericula.
1355 1642 1523 1702 Titus

239 1726 446 1787 Vinius
463 1773 479 1797 ‚
503 1744 676 1806 quem
695 1724 853 1807 supra
873 1725 1217 1796 memoravi,
1244 1746 1304 1803 ut
1327 1724 1521 1803 favore

239 1810 540 1893 praecipuus
566 1856 585 1880 ,
609 1808 678 1868 fic
702 1808 1006 1892 cupiditate
1029 1808 1311 1868 immensa*
1329 1807 1518 1891 graffa-

238 1894 421 1952 batur.
483 1892 754 1952 Cornelio
798 1893 1010 1951 Laconi
1035 1939 1053 1964 ‚
1096 1915 1161 1951 ex
1204 1891 1472 1952 adseffore
1501 1936 1519 1964 ,

244 1975 503 2059 praefedto
521 1977 761 2057 pr'aetorii
778 2023 796 2047 ‚
822 1976 1135 2058 arrogantia
1157 1974 1520 2056 socordiaque

242 2058 629 2119 intolerabili&
703 2058 880 2117 Icelus
926 2105 943 2129 ‚
997 2057 1226 2118 libertus
1265 2105 1282 2130 ,
1341 2059 1520 2118 anulis

245 2143 481 2202 donatus
515 2143 862 2222 equestrique
900 2142 1132 2202 nomine
1154 2189 1172 2213 ‚
1213 2142 1521 2225 potentissi-

241 2249 476 2286 morum-
505 2224 647 2283 olim
681 2225 1016 2303 libertorum
1059 2249 1191 2309 opes
1226 2226 1521 2286 aemulaba-
1606 2263 1626 2292 ;,-

191 2323 200 2338 ·
243 2331 348 2370 tur.
393 2313 511 2369 Hos
543 2310 688 2368 inter
713 2358 728 2382 ‚
773 2309 911 2369 lucri
951 2308 1039 2392 spe
1061 2356 1078 2382 ,
1121 2318 1177 2370 &
1201 2310 1275 2368 ob
1301 2308 1518 2369 senium

241 2393 508 2474 Principis
533 2393 591 2451 in
617 2395 836 2453 ruinam
861 2416 1095 2475 praeceps
1123 2439 1140 2465 ,
1177 2393 1477 2452 concordia
1501 2418 1519 2452 ι

239 2500 345 2536 nec
371 2499 500 2558 cura
526 2523 542 2549 ,
581 2476 680 2534 nifi
710 2477 862 2538 unde
893 2478 1055 2541 citior
1083 2483 1374 2559 majorque
1406 2474 1526 2545 for-3

245 2579 380 2622 tuna
416 2579 714 2644 pararetur.

1564 391 1587 398 κ
