1637 2917
284 182 755 222 ANNArruM
817 166 1088 227 NoTAE.
1216 182 1337 247 459?

65 276 115 313 ta
150 279 244 338 tuno
272 260 405 310 fuerit
435 260 665 312 Londinii
689 267 732 309 &
755 261 1011 313 Verulamii
1043 266 1212 331 populi
1246 265 1343 316 fre*

60 344 270 398 quentia.

136 457 263 509 CAP.
301 456 546 512 XXXIV.
597 457 713 508 Cum
748 457 1007 511 vexillariis
1036 462 1340 529 vicesimanis.

63 525 194 576 Cum
218 527 462 577 vexillariis
483 524 704 576 vicefimae
723 527 935 592 legion-iS.

138 591 335 653 Quanta
375 612 467 644 non
504 591 624 640 aliis
656 591 908 640 multitudo.
956 591 1095 644 Juxta
1136 595 1343 643 Dionem

68 653 211 706 LXII
229 696 241 719 ,
272 679 384 729 pag.
411 676 524 716 701.
562 656 793 706 Boudicea
813 675 995 706 centum
1018 662 1180 725 viginti
1202 663 1347 710 millia

69 722 316 775 hominum
343 739 574 789 coegerat.
629 723 846 772 Adcrevit
877 726 1093 772 exercitus
1126 724 1264 792 usque
1289 727 1347 775 ad

68 790 269 840 ducenta
286 792 435 840 millia
451 790 648 838 militum
665 826 680 851 ‚
719 791 826 839 teste
845 790 1010 841 eodem
1031 791 1191 842 Dione
1205 829 1218 853 ,
1240 793 1349 841 ibid.

14 931 22 937 θ
69 871 183 924 pag.
203 874 320 918 704.

135 987 266 1040 ΕΑΒ.
300 987 522 1040 XXXV.
567 986 853 1053 Testabatur.
900 987 1193 1058 Longiorem
1216 1030 1229 1052 ,
1274 989 1351 1039 sed

64 1069 292 1106 enervem
322 1063 368 1105 &
401 1056 777 1107 declamatoriam
805 1059 1063 1107 orationem
1090 1058 1227 1109 habet
1254 1054 1354 1108 Dio

72 1121 219 1174 LXII
236 1163 250 1187 ,
279 1141 392 1193 pag.
413 1138 526 1184 701.

147 1255 274 1306 CAr.
294 1255 538 1309 XXXVI.
565 1256 728 1307 Certus
749 1269 928 1304 eventu.
960 1257 1087 1306 Bene
1109 1253 1214 1305 Mss.
1238 1253 1357 1319 Reg.

76 1322 198 1389 Agr.
215 1323 350 1372 Bodl.
373 1324 518 1373 Corb.
543 1329 589 1370 &
612 1322 834 1370 editiones
855 1339 1026 1372 veteres
1048 1339 1155 1372 ante
1175 1321 1358 1370 Rhena—

80 1407 195 1437 num
212 1427 227 1450 ,
260 1393 340 1456 qui
361 1390 501 1438 edidit
526 1403 676 1438 certus
699 1403 903 1435 eventus.

145 1518 271 1569 CAP.
291 1518 559 1569 XXXVII.
587 1515 861 1583 Suggreffus
889 1517 1039 1582 hostis.
1059 1517 1364 1585 Singulariter

74 1576 270 1636 dierum.
323 1583 486 1634 Sensus
526 1585 650 1632 enim
691 1584 792 1630 est:
841 1584 1085 1650 postquam
1120 1584 1362 1644 Romani,

121 1650 279 1716 ropitis
311 1647 546 1718 suggreffo
580 1649 708 1698 hoste
729 1687 742 1709 ‚
777 1650 866 1696 tela
893 1647 969 1696 sua
990 1666 1113 1698 cetto
1135 1651 1258 1711 iaetu
1277 1667 1364 1698 ex-

79 1667 296 1778 {auserffi
317 1718 441 1765 velut
460 1733 610 1765 cuneo
625 1730 885 1780 eruperunt.
913 1711 1053 1764 Forte
1074 1714 1367 1781 dispunxerat

77 1779 273 1831 Tacitus
295 1821 308 1843 ,
332 1782 555 1848 postquam
576 1781 1030 1849 propiussuggreffus
1049 1780 1182 1848 hostis
1199 1821 1217 1846 ,
1244 1796 1367 1830 cerco

77 1847 205 1913 jaflu
225 1887 239 1909 ‚
276 1848 370 1897 tela
403 1848 687 1912 exhauserat.

149 1912 377 1963 Militum.
405 1912 729 1963 Romanorum
762 1914 1122 1963 auxiliariumve.

155 1978 411 2046 Castrorum
440 1978 661 2046 secundae
706 1978 917 2045 legionis.
970 1979 1131 2029 Castra
1164 1976 1371 2028 secundae

85 2045 287 2113 legionis
315 2062 445 2096 erant
471 2045 595 2111 apud
625 2046 795 2094 Siluras
819 2084 832 2106 ‚
868 2063 1137 2113 nomenque
1165 2044 1371 2094 fecerunt

83 2113 198 2161 Ioco
234 2149 247 2172 ,
291 2110 520 2161 Britannis
558 2112 681 2159 diero
722 2109 855 2161 Kaer
893 2110 1069 2161 leeion
1103 2151 1118 2174 ,
1151 2117 1198 2159 δε
1238 2110 1373 2162 Kaer

12 2188 14 2191 ’
89 2176 267 2228 Lheion
297 2175 353 2226 αἰ·
381 2177 520 2244 Wysk
541 2215 556 2239 ,
588 2177 635 2226 id
660 2177 723 2226 est
741 2217 753 2238 ,
787 2176 897 2227 urbs
926 2177 1122 2244 legionis
1144 2177 1205 2226 ad
1225 2178 1372 2227 Iscam

90 2245 309 2304 fluvium,
340 2245 392 2292 in
428 2241 838 2293 Monmouthslzire.
869 2242 1065 2296 Manent
1094 2244 1238 2294 multa
1272 2247 1370 2307 ejus

90 2325 398 2361 monumenta
418 2347 431 2368 ‚
499 2327 566 2358 uae
590 2309 693 2359 vide
715 2311 765 2360 in
795 2308 1042 2363 Camden’s
1071 2310 1325 2362 Britannia
1349 2350 1370 2375 ‚

93 2376 150 2445 by
179 2360 371 2441 Gifffhn.
399 2326 508 2425 Coq·
538 2390 629 2436 599
660 2382 707 2424 &
731 2375 860 2446 seqq.

163 2441 690 2510 Quartodecimcznorum
706 2442 756 2495 V
752 2443 1190 2511 icefimanorumque.
1208 2440 1261 2490 Id
1282 2442 1370 2500 est,

99 2508 460 2577 quartaedecimae
480 2509 677 2576 legionis
693 2549 705 2570 ‚
736 2516 781 2565 ὃς
797 2511 1137 2561 vexillariorum
1154 2507 1371 2562 vicesimae

70 2622 74 2625 ,
97 2577 297 2643 legionis
324 2615 339 2641 ‚
374 2592 422 2626 ut
445 2577 619 2629 distum
641 2578 705 2628 est
728 2575 860 2646 supra
882 2578 1003 2648 Cap.
1029 2596 1112 2696 31&
1148 2640 1180 2652 ..

1144 2659 1176 2695 ll
