1725 2983
238 167 308 219 68
425 160 983 221 C.C0R'N131„11
1029 167 1332 225 TACITI

237 260 513 342 superiore
535 260 838 320 Germania
860 262 1195 344 trepidatum
1214 313 1230 338 ,
1262 267 1505 328 adventu

28 336 82 374 A.
104 337 150 374 U‘
171 337 221 375 C.
243 346 541 415 Cattorum
558 392 574 416 ‚
596 343 883 403 latrocinia
909 347 1256 428 agitantium.
1275 352 1503 411 Deinde

68 405 184 520 ξοὲ·
245 430 308 486 L.
333 428 671 511 Pomponius
696 475 712 499 ‚
746 427 955 510 legatus
983 476 998 500 ‚
1039 431 1322 490 auxiliares
1345 436 1508 493 Van-

93 505 184 600 30·-
245 511 436 592 gionas
462 535 522 570 ac
551 512 607 569 Ν
611 532 848 583 emeta3‚
876 512 1068 570 addito
1091 515 1277 592 equite
1302 514 1470 574 alario
1489 564 1506 589 ‚

241 595 462 653 monuit
481 622 542 667 ,cc
562 615 620 652 ut
635 595 908 653 anteirent
921 619 992 676 po
1035 594 1269 655 ulatores
1287 644 1304 668 ‚
1318 598 1405 656 vel
1423 599 1511 656 di-

236 677 437 760 :nlapfis
461 676 741 759 improvisi
763 678 970 735 circum
1001 678 1383 738 underenturn
1398 723 1424 739 ,ψ
1441 684 1508 740 Et

238 759 422 820 secuta
441 760 731 819 consilium
758 760 913 819 ducis
935 761 1198 820 industria
1221 764 1468 822 militum
1487 812 1504 837 ,

241 844 509 925 divifique
536 844 734 925 induo
759 845 985 925 agmina
1003 892 1025 915 ,.
1060 846 1157 924 qui
1179 845 1378 904 laevum
1400 848 1507 906 iter

241 929 551 1009 petiverant
577 974 592 997 ,
640 929 826 985 recens
870 925 1109 986 reversos
1146 976 1162 999 ‚
1216 929 1507 1011 praedaque

225 1054 227 1056 >
242 1034 339 1094 per
364 1010 553 1069 luxum
577 1007 697 1067 usos
715 1058 730 1081 ‚
762 1018 816 1068 δε
841 1007 1038 1067 somno
1062 1034 1250 1092 graves
1276 1013 1510 1072 circum-

241 1116 462 1153 venere.
511 1091 691 1151 Arieta
722 1092 943 1164 laetitia,
986 1094 1141 1172 quod
1173 1094 1444 1173 quosdam
1478 1120 1508 1156 e

235 1176 399 1236 ‘clade
428 1174 672 1236 Variana
693 1222 709 1246 ,
756 1177 872 1258 post
899 1176 1385 1259 quadragesimum
1411 1203 1510 1238 an-

236 1284 381 1321 ·num
405 1307 421 1331 ,
459 1258 680 1318 servitio
706 1280 1043 1318 exemerant.

324 1344 601 1402 XXVIII.
621 1341 711 1400 Ar
730 1364 833 1415 Qui
857 1341 1060 1400 dextris
1082 1349 1139 1400 &
1162 1345 1510 1425 propioribus

242 1424 592 1508 compendiis
627 1426 803 1484 ierant
824 1472 840 1495 ,
874 1424 1044 1483 obvio
1074 1423 1214 1481 hosti
1240 1434 1298 1485 δε
1332 1428 1512 1488 aciem

243 1507 373 1567 auso
395 1556 412 1580 ,
444 1507 563 1590 plus
588 1507 756 1566 cladis
788 1505 1023 1567 faciunt,
1047 1508 1114 1564 Et
1140 1507 1319 1589 praeda
1345 1508 1514 1570 fam&-

242 1615 354 1672 que
382 1593 596 1663 onusti,
635 1591 706 1649 ad
739 1612 998 1650 montem
1027 1591 1294 1649 Taunum
1327 1616 1513 1654 rever-

246 1694 438 1733 tuntur
463 1722 479 1746 ,
522 1674 619 1732 ubi
651 1675 991 1755 Pomponius
1033 1697 1163 1730 curn
1201 1672 1515 1755 legionibus

243 1777 321 1840 op
361 1757 634 1817 eriebatur
652 1805 668 1830 ‚
690 1756 904 1816 fiCatri
927 1755 1186 1837 cupidine
1214 1757 1515 1820 ulciscendi

246 1866 309 1900 ca
334 1864 438 1899 um*
466 1864 660 1923 pugnae
699 1840 1020 1921 praeberent.
1069 1838 1160 1896 Illi
1193 1862 1351 1900 metu
1371 1889 1388 1915 ‚
1440 1867 1515 1903 ne

247 1925 378 1982 hinc
403 1925 723 1994 Romanus,
749 1921 882 1981 inde
910 1920 1174 1980 Cherusci
1195 1970 1211 1994 ,
1235 1947 1365 1982 curn
1391 1924 1514 2005 quis

245 2005 514 2066 aeternum
534 2004 851 2065 discordant
868 2053 883 2077 ‚
909 2005 1514 2085 circumgrederenrur‚

246 2089 457 2172 legatos
482 2091 541 2147 in
566 2088 789 2147 Urbem
817 2096 874 2148 &
898 2086 1112 2147 obfides
1139 2087 1333 2150 misere
1356 2116 1368 2148 z
1412 2091 1514 2151 de·-

247 2171 534 2253 cretusque
566 2172 879 2253 Pomponio
916 2171 1264 2253 triumphalis
1297 2174 1474 2234 honos
1495 2223 1513 2248 ‚

249 2255 474 2316 modica
498 2278 615 2337 pars
646 2253 807 2313 famae
837 2262 950 2335 ejus
978 2255 1124 2337 apud
1149 2257 1386 2336 posteros
1405 2306 1429 2331 ,γ
1454 2259 1514 2318 in

248 2337 373 2422 quis
397 2339 710 2397 carminum
733 2336 908 2420 gloria
936 2337 1211 2421 praecellit.

331 2423 550 2480 XXIX.
600 2424 718 2480 PER
764 2444 907 2478 IDEM
953 2443 1172 2503 tempus
1212 2421 1470 2482 Vannius
1494 2472 1512 2498 ‚

250 2505 436 2564 Suevis
465 2529 495 2563 a
525 2502 709 2562 Druso
746 2501 958 2565 Caesare
995 2503 1315 2586 impofitu3‚
1351 2505 1515 2586 pelli-

251 2609 340 2650 tur
373 2610 546 2672 regno
571 2633 589 2662 ‚
631 2585 809 2672 prima
842 2586 1067 2673 impetn
1107 2608 1261 2650 aetate
1297 2586 1469 2650 clarus
1495 2637 1516 2671 ‚
