1637 2917
248 149 367 209 432
459 130 528 189 IN
571 126 825 191 LIBRUM
869 149 1438 198 TERTmMDEmMuM

247 230 445 282 infidum
461 270 474 292 ‚
488 229 567 278 fibi
582 227 675 278 suis
704 248 759 278 ue
776 229 1093 281 successoribus
1110 234 1264 283 stabile
1280 253 1332 283 ac
1349 234 1533 285 firmum

254 298 385 358 fecit,
418 248 773 365 graviffimffique
797 299 1021 363 implicati
1044 299 1169 348 bellis
1191 340 1203 361 ,
1228 304 1280 350 iis
1303 300 1532 349 suffecere.

252 365 443 432 Dispari
467 366 647 413 ratione
670 402 683 425 ,
714 362 788 411 sed
810 363 939 432 aeque
961 367 1055 412 acri
1078 405 1089 426 ,
1125 368 1332 415 Britanni
1358 384 1534 416 tantum

251 450 310 480 aes
355 432 558 479 alienum
605 428 839 497 suscepere
861 470 873 492 ,
920 447 968 478 ut
1008 449 1134 479 anno
1179 441 1298 490 1767
1336 448 1535 501 aequaret

1598 440 1625 450 x

248 499 390 546 libras
427 498 684 565 sterlingias
729 505 1066 558 1473974564.
1111 496 1304 547 Gallicae
1335 516 1534 548 monetae
1611 522 1614 554 ς

247 566 385 614 libras
431 568 797 629 3,375,578,573
832 583 841 611 :
879 564 1150 612 immensam
1180 564 1405 615 summam
1432 605 1446 626 ‚
1481 566 1532 613 ni

251 633 455 681 maxima
477 631 597 679 foret
617 632 1004 679 commerciorum
1030 633 1112 678 vis.
1148 631 1356 682 Tantum
1381 633 1535 681 valent

250 715 330 749 aut
356 716 468 765 opes
491 737 505 760 ,
546 714 623 748 aut
653 697 925 746 creditarum
961 715 1107 763 opum
1137 697 1265 747 fides.

318 830 445 880 CAP.
459 828 627 877 XXX.
647 826 920 878 Sardiniam
938 829 1239 890 provinciam.
1261 830 1404 879 Nunc
1424 827 1532 897 Z'isle

248 895 307 947 'de
327 896 607 958 Sardeigne.

317 962 573 1023 Praecipuae
612 976 731 1021 opes.
766 960 820 1006 In
857 959 962 1011 hac*
984 960 1127 1008 domo
1167 963 1344 1027 primus
1368 954 1550 1026 'opum‘

249 1028 569 1091 adcumulator
585 1025 669 1075 fuit
687 1027 745 1075 L.
760 1025 976 1078 Volusius
988 1066 1003 1089 ,
1023 1027 1079 1076 de
1096 1045 1190 1095 quo
1213 1028 1385 1077 dicrum
1399 1024 1532 1094 supra

247 1096 426 1145 Annal.
450 1096 518 1143 ΠΙ
536 1133 549 1155 ,
591 1111 668 1158 30.
1057 1128 1060 1133 .
1251 1124 1255 1127 v

315 1225 442 1276 CAP.
459 1224 652 1275 XXXI.
671 1224 841 1276 Molem
862 1225 1199 1289 amphitheatri.
1216 1223 1532 1292 Amphithea-

250 1306 372 1342 trum
404 1294 613 1360 ligneum
635 1333 648 1355 ‚
682 1295 730 1341 in
763 1296 955 1362 regione
988 1296 1143 1359 campi
1181 1292 1371 1353 Martii,
1413 1294 1532 1339 intra

251 1361 364 1408 anni
401 1358 594 1424 spatium
617 1398 630 1419 ,
667 1357 906 1409 fabricavit
946 1360 1077 1409 Nero
1103 1378 1118 1422 3
1157 1359 1312 1426 ibique
1364 1375 1532 1406 munus

252 1425 394 1474 edidit
414 1463 426 1484 ‚
460 1443 554 1491 quo
579 1427 815 1473 neminem
836 1426 1006 1473 occidit
1025 1465 1037 1486 ‚
1071 1432 1131 1472 ne
1156 1427 1405 1471 noxiorum
1426 1426 1532 1490 qui-

253 1491 375 1539 dem.
399 1490 521 1540 Vide
543 1493 816 1539 Suetonium
835 1495 884 1538 in
913 1491 1027 1539 Ner.
1047 1490 1169 1555 Cap.
1193 1508 1210 1537 1
1224 1510 1266 1537 2.
1289 1490 1356 1538 Ibi
1379 1506 1533 1538 autem

250 1556 338 1605 fuit
370 1555 499 1604 trabs
536 1574 558 1604 e
599 1556 779 1619 larice,
816 1554 1120 1631 longa-pedes
1152 1569 1301 1618 cxx,
1335 1553 1534 1615 bipedali
1572 1587 1575 1589 -

249 1620 543 1688 craffitudine
572 1621 780 1688 aequalis.
823 1621 928 1689 Quo
955 1620 1297 1689 intelligebatur
1319 1620 1402 1670 vix
1425 1637 1532 1669 cre-

248 1687 407 1739 dibilis
438 1687 613 1753 reliqua
643 1686 836 1738 altitudo
868 1688 1042 1737 arboris
1067 1727 1080 1749 ‚
1100 1687 1336 1755 fastigium
1359 1685 1420 1735 ad
1446 1703 1533 1743 cci·-⁴

248 1773 408 1807 cumen
435 1754 777 1821 aestimantibus.
813 1755 933 1803 Plin.
955 1754 1079 1806 XVI
1104 1794 1116 1816 ‚
1142 1773 1223 1814 40.

316 1822 545 1873 Nuceria.
580 1822 707 1870 Urbs
729 1821 1014 1888 'Campaniae
1033 1861 1046 1882 ‚
1082 1829 1212 1869 nunc
1230 1818 1434 1869 Nocera.

250 1951 283 2003 s
315 1887 650 1956 Quadringeni
688 1890 877 1940 nummi.
939 1887 1134 1937 Gallicae
1172 1903 1369 1958 m-onetae
1406 1886 1532 1936 librae

273 1971 353 2002 unt
384 1974 463 2012 77.

319 2019 583 2086 Sestertium
633 2016 1027 2086 quadringenties.
1084 2016 1283 2066 Gallicae
1329 2034 1529 2068 moneta:
1572 2004 1587 2012 Ἰ
1634 2058 1637 2068 ⁴

251 2086 377 2136 librae
409 2084 509 2133 sunt
540 2103 615 2146 7,7
625 2088 648 2131 8
659 2105 680 2131 2
688 2103 733 2145 ,ο
744 2102 760 2132 1
771 2102 816 2132 0.

323 2149 534 2219 Vec‘ligal
576 2168 741 2215 quoque
781 2150 949 2214 quintae
997 2148 1048 2199 Cr·
1090 2147 1330 2215 vicesimae.
1380 2150 1575 2203 Anno
1625 2142 1637 2190 .'

254 2217 325 2267 U.
344 2217 403 2267 C.
425 2233 590 2267 Dchx
611 2256 622 2277 ‚
653 2216 846 2265 Metello
867 2223 911 2265 &
932 2215 981 2264 N
985 2214 1366 2265 ervaconsulibus
1390 2256 1402 2276 ,
1430 2217 1528 2265 Au·
1579 2214 1583 2219 ⁶

258 2286 410 2352 gustus
456 2284 513 2333 ad
553 2284 661 2331 belli
701 2282 798 2333 usus
835 2290 880 2331 &
917 2282 976 2331 ad
1010 2284 1345 2340 nofiurnorum
1381 2283 1527 2332 Urbis
1582 2295 1585 2299 '

255 2351 450 2417 vigilum
464 2350 687 2417 stipendia
702 2389 714 2410 ‚
731 2350 927 2416 vefflgal
941 2350 1168 2398 venalium
1185 2352 1526 2414 mancipiorum
1550 2351 1552 2354 ’

253 2418 458 2467 instituit.
502 2415 607 2464 Fuit
645 2415 847 2481 primum
885 2413 1263 2483 quinquagesima
1289 2455 1302 2476 ‚
1353 2414 1393 2463 le
1425 2416 1526 2464 cin·
1550 2430 1570 2439 ”
1623 2481 1632 2489 μ

254 2482 511 2548 quanridme
533 2522 548 2544 ‚
580 2481 609 2529 fi
629 2483 743 2530 nihil
769 2499 967 2531 erratum
995 2482 1078 2531 fuit
1104 2481 1227 2547 apud
1246 2483 1393 2531 Dion.
1412 2481 1529 2542 LV,

257 2566 369 2616 pag.
417 2556 525 2608 569.
595 2547 644 2595 N
650 2566 737 2597 unc
779 2547 887 2597 vero
936 2565 1031 2597 erat
1073 2564 1233 2615 quinta
1280 2555 1325 2596 &
1365 2547 1543 2596 vicefiw

254 2633 335 2664 ma
355 2654 370 2679 ,
403 2614 442 2665 Ze
476 2613 905 2682 vingt-cinquidme.
944 2613 1003 2665 Et
1031 2612 1149 2664 forte
1174 2615 1296 2683 apud
1315 2615 1543 2664 Dionem‘

1429 2696 1523 2748 prq
1614 2718 1615 2722 ,
