1659 2917
283 142 756 184 ANNALHJM
800 125 968 185 L113.
1005 121 1144 189 XV.
1253 145 1368 208 251

6 240 14 281 ι
80 224 258 287 «nibus
293 271 310 297 ,
361 223 553 283 sanxit.
626 222 946 306 Spectacula
995 225 1375 306 gladiatorum

92 310 252 369 idem
278 331 451 366 annus
474 307 668 366 habuit
685 353 700 379 ,
735 306 852 389 pari
871 309 1288 388 magnificentia
1309 335 1373 370 ac

52 452 54 454 ,
92 393 294 477 priora.
339 391 449 450 Sed
486 388 830 450 feminarum
860 389 1174 449 inlustrium
1215 392 1373 453 sena-

7 478 13 529 ἷ.
48 511 60 538 ς
92 492 397 556 torumque
423 474 604 558 plures
628 496 726 557 per
750 496 977 533 arenam
1007 471 1205 534 foedati
1228 475 1371 538 sunt.

184 561 464 618 XXXIII.
511 561 581 617 C.
622 562 918 617 LAECANIO
950 605 967 630 ‚
1009 559 1100 617 M.
1146 560 1581 620 Licinioffi

10 631 14 685 3
89 641 406 702 consulibus
450 643 658 701 acriore
697 643 758 699 in
799 640 918 700 dies
951 642 1213 724 cupidine
1252 645 1366 703 adi·
1386 637 1437 676 A.
1459 639 1510 677 U·
1527 636 1586 677 C·

10 765 15 777 ,.
88 727 324 810 gebatur
350 727 502 785 Nero
532 723 867 808 promiscuas
890 724 1075 785 scenas
1101 724 1367 808 frequen-
1416 705 1546 821 3²5¹&

8 812 15 860 ‘3
87 809 277 869 tandi:
302 833 435 868 narn
456 809 635 870 adhuc
655 830 752 889 per
771 808 1010 868 domum
1024 857 1041 883 ,
1065 832 1158 870 aut
1176 811 1366 872 hortos
1448 853 1473 894 6
1479 862 1532 905 4.

80 893 367 954 cecinerat
415 895 447 957 J
453 892 779 953 uvenalibus
825 892 970 953 ludis
1003 941 1020 966 ,
1071 917 1211 976 quos
1240 943 1258 969 ,
1304 918 1368 959 ut

5 990 13 1004 ·’
130 1000 288 1037 arum
321 977 566 1038 celebres
589 1025 605 1050 ‚
648 985 706 1037 δε
729 997 892 1037 tantae
915 978 1042 1038 voci
1068 982 1322 1061 angustos
1349 1028 1370 1055 ,

8 1054 41 1079 ⁰
84 1001 399 1144 fpernebat.
467 1063 600 1120 Non
645 1082 838 1136 tamen
880 1064 1078 1121 Romae
1121 1063 1372 1147 incipere

8 1164 17 1226 *3
87 1145 244 1205 ausus
265 1193 281 1218 ‚
308 1145 611 1228 Neapolim
633 1193 650 1218 ‚
676 1145 827 1226 quasi
850 1148 1103 1204 Graecam
1126 1148 1327 1207 urbem
1351 1196 1374 1221 ‚

11 1244 15 1299 ᾗ
87 1229 340 1312 delegit:
388 1229 582 1288 ocInde
619 1229 849 1288 initium
888 1227 1010 1288 fore
1039 1277 1056 1302 ,
1097 1251 1159 1289 ut
1195 1229 1373 1290 trans-

12 1354 18 1395 ι·
83 1309 339 1396 agteffus
392 1314 452 1370 in
496 1313 773 1371 Achaiam
802 1354 823 1385 ‘³
870 1312 1221 1396 insignesque
1250 1363 1266 1387 ‚
1311 1324 1372 1376 &

13 1412 18 1471 j
83 1396 437 1477 »antiquitus
462 1393 633 1455 sacras
652 1444 669 1469 ,
698 1419 930 1455 coronas
955 1396 1188 1480 adeptus
1207 1446 1224 1471 ,
1254 1422 1375 1458 ma-

82 1506 121 1535 ω
128 1488 247 1563 jore
272 1478 424 1538 fama
446 1480 624 1539 studia
646 1481 858 1540 civium
884 1480 1111 1542 eliceret
1130 1512 1190 1540 ³0.
1221 1484 1372 1565 Ergo

86 1568 442 1624 contractum
462 1563 875 1644 oppidanorum
898 1564 1123 1647 vulgUS,
1147 1574 1205 1625 &
1230 1589 1375 1646 quos

85 1671 119 1708 e
147 1648 414 1731 proximis
445 1647 682 1705 coloniis
705 1655 766 1707 ὃς
793 1648 1113 1730 municipiis
1141 1657 1256 1730 ejus
1286 1650 1370 1709 rei

82 1729 241 1791 fama
262 1731 469 1790 civerat
485 1775 502 1802 ,
534 1731 744 1812 quique
768 1728 1047 1790 Caesarem
1069 1753 1167 1814 per
1190 1733 1372 1791 hono·-
1400 1789 1403 1794 .

84 1838 210 1874 rem
231 1861 247 1885 ‚
294 1835 387 1874 aut
432 1814 612 1872 varios
661 1812 783 1872 usus
832 1811 1108 1874 secl-antur
1128 1862 1145 1886 ‚
1191 1817 1368 1875 etiam

83 1898 338 1959 militurn
387 1895 661 1979 manipuli
692 1944 710 1970 ,
759 1896 1043 1957 theatrum
1091 1899 1372 1982 Neapoli·-

83 1996 351 2044 'tanorum
388 1981 697 2064 complent.
1258 2031 1266 2039 .

69 2067 80 2088 ‘
175 2065 460 2127 XXXIV.
500 2069 652 2124 Iure
675 2113 693 2139 ‚
737 2063 990 2148 plerique
1028 2086 1091 2126 ut
1131 2067 1371 2127 arbitra·

84 2149 321 2222 bantur,
344 2149 522 2223 triste,
553 2170 615 2208 ut
640 2147 753 2232 ipse
773 2198 790 2222 ,
813 2148 1113 2232 providum
1136 2151 1321 2234 potius
1346 2199 1369 2225 ,

38 2247 41 2250 ’
85 2243 148 2295 δε
188 2228 441 2293 secundis
493 2233 821 2293 numinibus
859 2281 877 2306 ‚
939 2234 1143 2294 evenit.
1213 2237 1366 2294 Nam

83 2314 302 2402 'egresso
325 2364 342 2390 ,
384 2317 484 2398 qui
510 2315 765 2377 adfuerat
785 2365 802 2389 ‚
837 2316 1046 2401 populo
1067 2366 1085 2391 ,
1123 2342 1369 2379 vacuum

83 2410 149 2462 δε
164 2400 276 2462 fine
293 2399 458 2461 ullius
481 2400 623 2460 noxa
639 2401 923 2460 theatrum
941 2402 1245 2484 collapsum
1270 2405 1368 2462 est,

58 2555 59 2558 Ἴ
86 2487 240 2568 Ergo
262 2532 278 2557 ‚
315 2501 411 2567 per
441 2483 777 2568 compositos
800 2507 991 2545 cantus
1015 2507 1194 2570 grates
1218 2487 1323 2544 diis
1345 2532 1374 2557 ‚

90 2587 260 2651 atque
281 2566 457 2654 ipsam
482 2570 718 2633 recentis
743 2568 893 2632 cassis
913 2567 1200 2631 fortunam
1224 2567 1377 2633 celee

1021 2655 1171 2737 LV}
