1725 2983
236 121 270 180 '8
377 121 844 180 SUPPLEMENTUM
890 119 1012 181 Lm.
1055 120 1159 181 XI.
1204 136 1351 184 ANN.'

23 251 211 287 ἒ
237 241 377 279 tum.
419 218 676 278 Accusati
715 219 958 302 plurimi.
1002 222 1285 304 Ignobiles
1325 242 1498 282 tutata

21 309 75 352 A·
97 313 143 350 U·
164 308 216 352 C·
238 304 313 362 est
335 303 620 362 humilitas
643 350 660 375 ,
705 305 992 364 diditante
1022 307 1274 388 Principe
1299 342 1317 377 5
1350 334 1382 358 oc
1403 307 1498 367 De

67 384 173 427 800.

54 465 95 505 J.
127 465 177 505 C.

73 548 156 597 517-

238 415 270 439 :n
280 385 461 469 pulice
487 434 506 459 ,
548 407 609 444 ut
644 385 714 445 de
755 384 870 458 feta
890 436 907 460 ‚
947 411 1061 446 non
1087 387 1192 447 effe
1214 388 1502 448 vindican-

238 469 421 528 „dum
437 499 495 529 ο).
516 470 583 527 ln
606 469 710 528 hoc
733 471 878 529 stetit
902 471 1217 531 clementia.
1241 472 1500 530 Saevitum

235 553 295 612 in
340 552 557 611 nobiles
607 553 971 642 potentesque
998 601 1015 626 ‚
1075 554 1229 634 qubd
1276 551 1379 612 soli
1428 553 1502 612 ad

233 635 479 720 praedam
500 633 826 716 sufficerent.
842 637 1030 717 Atque
1049 639 1126 695 ita
1144 636 1502 719 pereuntibus

232 719 425 778 deerat
485 719 657 777 etiam
712 742 1016 779 commune
1070 717 1167 778 sub
1229 719 1504 801 prioribus

233 801 640 883 principatibus
662 799 920 860 solatium
944 850 960 873 ‚
1005 801 1133 861 cum
1158 850 1175 874 ,
1218 802 1307 861 vel
1334 802 1504 860 moti·

235 885 385 956 tuti,
428 884 499 943 de
542 884 772 943 Claudii
817 884 1143 944 crudelitate
1189 885 1346 965 queri
1387 908 1504 943 non

232 965 453 1051 poffent
473 1014 490 1038 ,
513 969 762 1027 uxoriam
784 975 897 1049 ejus
923 967 1374 1027 imbecillitatem
1400 967 1506 1026 mi-

232 1050 560 1112 seratentur.

319 1135 395 1194 V.
410 1136 553 1192 UNA
575 1131 729 1191 enim
752 1152 836 1190 tot
858 1152 1249 1212 tantarumque
1271 1130 1508 1191 caedium

237 1214 395 1277 causa
419 1236 535 1275 erat
567 1212 874 1275 Messalina.
903 1218 1163 1287 Femina,
1205 1214 1508 1273 libidinum

235 1297 602 1360 adsuetudine
625 1345 641 1370 ‚
680 1306 737 1357 &
761 1297 1021 1369 Vitellii,
1057 1297 1327 1357 scelerum
1351 1295 1510 1356 satel-

239 1382 352 1441 litis
371 1430 387 1454 ‚
421 1380 680 1440 societate
705 1381 881 1440 audax
903 1428 920 1453 ,
949 1382 1009 1438 in
1028 1381 1235 1439 civium
1259 1379 1508 1439 fortunas

235 1463 487 1545 vitasque
509 1466 736 1546 impune
763 1462 1110 1545 graffabatur.
1140 1466 1294 1522 Loco
1317 1462 1531 1521 crimi->

236 1571 380 1608 num
403 1568 559 1607 erant
581 1546 875 1606 muliebria
896 1546 1043 1605 odia.
1068 1547 1153 1604 Sic
1177 1547 1235 1604 in
1254 1549 1391 1604 Pom
1438 1544 1512 1605 eii

238 1632 485 1712 Magni,
526 1653 697 1710 quem
731 1628 992 1689 nobilitas
1030 1638 1089 1689 δε
1126 1652 1255 1687 cum
1285 1631 1381 1687 Cae
1408 1628 1512 1687 aris
1559 1672 1561 1675 -

240 1714 420 1773 domo
454 1713 708 1770 adfinitas
730 1713 789 1769 in
817 1712 1090 1770 invidiam
1129 1711 1471 1769 adduxerant
1492 1757 1514 1784 ‚

237 1796 547 1881 perniciem
588 1795 713 1852 ruit.
759 1795 903 1852 Mox
932 1797 1224 1874 Poppaeam
1254 1802 1311 1852 &
1335 1792 1513 1854 Vale-

239 1881 392 1938 tium
412 1876 718 1936 Asiaticum
740 1923 755 1946 ,
779 1874 936 1932 illam
960 1922 977 1947 ‚
1007 1875 1081 1933 ob
1101 1873 1512 1955 praecellentem

239 1959 438 2021 formae
480 1957 955 2041 pulchritudinem
983 2006 1000 2030 ‚
1048 1957 1194 2015 hunc
1223 2005 1241 2029 ,
1287 1979 1512 2040 propter

238 2044 500 2125 ingentes
544 2065 675 2124 opes
720 2039 969 2123 ipsosque
1010 2043 1249 2122 Poppaeae
1296 2063 1513 2100 amores
1581 2116 1586 2120 ι

244 2125 505 2185 odiosum
551 2173 568 2198 ‚
614 2122 996 2183 circumvenit.
1045 2128 1197 2180 Nam
1237 2126 1300 2182 V
1291 2128 1513 2181 aleriam

246 2210 545 2283 Asiaticam
564 2252 588 2277 ,
630 2211 710 2266 bis
734 2204 994 2281 confidem
1008 2247 1034 2273 ,
1060 2203 1220 2283 fuzſj}
1246 2209 1511 2283 quondam

248 2295 543 2352 adulterum
566 2294 677 2369 ejus
715 2291 936 2347 credidit
960 2311 978 2345 .·
995 2294 1299 2366 pariterque
1343 2293 1514 2348 hortis

251 2379 469 2433 inhians
492 2417 516 2442 ,
555 2397 687 2451 quos
731 2378 822 2430 ille
861 2374 894 2429 ὰ
935 2375 1154 2429 Lucullo
1194 2391 1388 2450 coeptos
1429 2378 1514 2429 in-

239 2460 388 2539 figni
426 2459 830 2537 magnzficentid
881 2457 1174 2513 extollebat
1211 2497 1237 2524 ,
1285 2457 1519 2516 Suilium

253 2538 563 2616 accusandis
590 2538 819 2619 utrisque
857 2542 1120 2603 immittit.
