1725 2983
333 125 1184 188 ANNA21uML1B.X11.
1330 149 1397 207 51

134 222 542 284 neceffitudinis
572 222 768 282 crebro
800 225 1127 284 ventitando
1148 274 1163 297 ‚
1192 225 1401 307 pellicit
1422 246 1615 282 Q

70 302 85 307 ’
130 325 389 386 patruum
410 354 427 379 ‚
462 328 523 365 ut
547 305 762 387 praelata
787 308 979 365 ceteris
1006 354 1021 378 ‚
1063 318 1119 368 &
1142 310 1399 369 nondum
1425 308 1472 345 A·
1494 307 1544 345 U·
1564 305 1620 346 C.

130 411 266 446 uxor
286 436 302 461 ,
341 389 588 471 potentia
614 388 803 448 uxoria
822 397 938 471 jam
969 404 1230 450 uteretur.
1250 396 1398 452 Nam

130 471 228 529 ubi
270 471 351 531 sui
397 473 745 533 matrimonii
794 494 942 532 certa
984 471 1091 533 fuit
1129 522 1145 546 ,
1197 477 1397 537 struere

131 562 345 636 majora
372 603 388 627 ‚
427 555 754 637 nuptiasque
787 556 1036 615 Domitii
1065 605 1080 628 ‚
1128 581 1301 638 quem
1336 583 1401 618 ex

131 640 241 697 Cn.
271 638 653 698 Ahenobarbo
682 660 947 719 genuerat
968 686 984 710 ,
1016 650 1073 700 &
1113 643 1361 699 Octaviae
1385 690 1405 715 ,

132 719 355 780 Caesaris
387 722 548 794 filiae,
588 722 816 779 moliri:
859 722 1015 803 quod
1052 722 1163 783 fine
1200 722 1407 784 scelere

132 807 433 885 perpetrari
479 829 595 864 non
638 826 894 886 poterat,
943 807 1073 885 quia
1115 810 1179 865 L.
1221 807 1410 866 Silano

133 886 502 968 desponderat
527 885 1032 948 Octaviam‘Caesar
1054 913 1070 966 3
1112 898 1412 971 juvenem-

131 994 241 1053 que
260 980 318 1031 &
336 972 442 1030 alia
457 971 666 1030 clarum
684 1019 700 1042 ‚
721 971 922 1053 insigni
942 973 1366 1054 triumphalium
1389 1020 1409 1046 ‚

133 1064 191 1116 &
211 1054 528 1136 gladiatorii
550 1057 796 1113 muneris
813 1056 1228 1136 magnificentia
1243 1104 1260 1128 ,
1284 1080 1414 1139 pro-

133 1136 334 1198 tulerat
361 1138 433 1198 ad
459 1138 632 1197 studia
652 1136 823 1220 vulgi.
865 1138 973 1197 Sed
995 1138 1137 1196 nihil
1168 1140 1413 1200 arduum

134 1221 430 1281 videbatur
472 1223 532 1280 in
581 1221 773 1280 animo
808 1222 1074 1302 Principis
1101 1269 1118 1293 ,
1168 1225 1255 1281 cui
1292 1248 1412 1283 non

134 1304 407 1385 judicium
436 1352 453 1378 ‚
501 1327 617 1362 non
654 1304 852 1363 odium
890 1325 1005 1365 erat
1031 1353 1048 1377 ,
1090 1304 1191 1364 nifi
1229 1308 1417 1371 indita

135 1396 193 1449 &
227 1383 380 1468 juffa.

225 1471 329 1531 IV.
351 1475 564 1530 IGITUR
592 1469 856 1531 Vitellius
871 1518 888 1543 ,
911 1471 1147 1532 nomine
1171 1471 1413 1533 censoris

135 1552 354 1614 serviles
382 1551 624 1612 fallacias
647 1553 919 1635 obtegens
944 1602 961 1626 ‚
995 1556 1415 1637 ingruentium«

135 1661 245 1720 que
264 1637 722 1697 dominationum
738 1636 984 1718 provisor
998 1686 1014 1709 ,
1035 1641 1150 1720 quo
1173 1639 1432 1720 gratiam¹

136 1722 456 1800 Agrippinae
488 1739 702 1798 pararet
727 1766 743 1790 ,
793 1719 1030 1777 consiliis
1064 1729 1179 1801 ejus
1219 1722 1418 1803 impli-

138 1803 282 1873 cari,
314 1801 489 1861 serere
514 1801 749 1858 crimina
777 1801 836 1858 in
867 1800 1148 1874 Silanum,
1176 1806 1265 1862 cui
1285 1803 1422 1873 sane·

138 1885 340 1946 decora
372 1893 430 1944 δε
465 1904 665 1963 procax
689 1881 841 1940 soror
863 1930 878 1954 ,
924 1885 956 1947 J
961 1886 1090 1943 unia
1133 1886 1370 1947 Calvina
1393 1935 1423 1961 ,

136 1967 289 2030 haud
319 1964 567 2030 multum
597 1968 721 2025 ante
742 1965 964 2027 Vitellii
1000 1990 1169 2027 nurus
1201 1968 1379 2030 fuerat
1398 1998 1420 2031 ε

137 2051 271 2111 hinc
325 2051 553 2111 initium
605 2048 963 2109 accusationis
993 2099 1008 2123 ‚
1059 2049 1420 2136 fratrumque

137 2158 256 2194 non
277 2134 547 2194 incestum
563 2180 580 2205 ,
618 2131 715 2192 sed
736 2133 1135 2193 incustoditum
1156 2160 1418 2200 amorem
1466 2175 1470 2179 ·

138 2217 213 2278 ad
250 2215 548 2277 infamiam
585 2217 783 2276 traxit:
828 2225 885 2276 &
920 2217 1197 2298 praebebat
1235 2220 1421 2281 Caesar

140 2322 297 2360 aures
332 2320 350 2372 ‘‚
411 2300 747 2382 accipiendis
794 2299 1090 2360 adversum
1140 2325 1418 2383 generum

137 2381 537 2464 suspicionibus
564 2384 789 2443 caritate
811 2382 934 2442 filiae
958 2387 1284 2467 promptior.
1336 2388 1418 2448 At

145 2464 392 2538 Silanus,
426 2464 752 2526 insidiarum
794 2465 1006 2527 nescius
1030 2515 1046 2540 ‚
1086 2493 1147 2528 ac
1176 2467 1320 2529 forte
1346 2494 1416 2529 eo

145 2571 293 2610 anno
308 2570 506 2634 praetor
518 2597 540 2628 ,
561 2551 788 2636 repente
810 2573 911 2635 per
927 2551 1176 2695 edictuig
1192 2553 1416 2644 Vitellii

1214 2657 1252 2716 1)

1455 380 1580 424 801.

1468 455 1507 494 L
1537 453 1593 494 C.

1485 522 1569 577 489
