1659 2917
53 248 248 285 ΕΞ,
272 218 453 279 milite
469 266 484 292 ,
507 226 564 278 δε
585 216 931 277 concedente
947 265 962 290 ‚
979 240 1049 277 ne
1066 235 1175 298 qua
1190 218 1372 301 proelii
1390 217 1548 281 causa
1578 269 1614 304 ζ

55 302 112 344 Α·
130 305 177 342 U·
199 303 248 343 C.
273 301 560 364 exsisteret.
586 300 893 384 Vologeses
915 350 932 374 ,
963 303 1129 360 armis
1149 311 1206 362 &
1225 303 1548 385 corporibus

103 375 211 423 815.

111 520 199 566 ,62-

198 475 210 488 '
274 472 556 531 testaretur
577 518 594 543 ‚
619 467 739 529 visu
767 467 1109 552 fugientium
1131 467 1424 550 legionum
1448 471 1548 528 ab·
1598 511 1603 517 ·

263 1302 469 1363 :taviffe
511 1326 634 1364 rem
685 1304 1114 1364 frumentariam
1155 1304 1398 1362 constitit
1423 1351 1441 1375 ‚
1491 1323 1554 1362 ut
1586 1304 1603 1333 ⁵¹

266 1576 448 1612 ,aarum
466 1601 482 1624 ‚
509 1562 567 1612 &
589 1553 795 1635 pabulo
816 1554 1007 1633 attrito
1029 1599 1045 1623 ‚
1072 1552 1354 1611 relieturos
1373 1576 1554 1635 oppu-
1575 1563 1605 1637 js

269 1997 312 2022 ω
323 1991 557 2025 manum
579 1969 912 2028 Armeniam
933 1966 1303 2050 ingressurum
1324 2016 1341 2041 ,
1367 1968 1550 2028 donec

272 125 385 197 238
471 117 543 176 C.
588 116 1032 177 CORNELH
1079 114 1382 179 TAcrr1

275 384 535 448 caesorum
561 386 870 469 aggregatis
887 433 902 457 ‚
929 388 1042 466 quo
1063 384 1283 444 cladem
1304 388 1548 446 nostram
1603 383 1607 395 ’

273 555 477 614 stinuit.
532 557 700 613 Fama
729 552 1131 612 moderationis
1166 552 1549 633 quaerebatur,

272 640 564 721 postquam
589 636 647 695 su
690 636 903 695 erbiam
928 635 1260 719 expleverat.
1315 635 1550 696 Flumen

271 720 568 781 Arsaniam
608 661 906 802 eFePhanto
940 719 1221 791 infidelis,
1265 720 1550 802 proximus

273 803 508 886 quisque
556 826 750 886 regem
777 852 793 876 ,
827 805 883 862 vi
908 817 1504 893 equorum'perrupere
1531 849 1550 876 ‚
1600 848 1606 886 t

275 889 407 969 quia
426 910 617 946 rumor
631 885 921 946 incefferat
941 935 957 959 ‚
970 916 1002 938 cc
1019 905 1254 970 pontem
1275 888 1551 946 ceflurum
1596 950 1607 958 Δ

276 971 509 1041 moneri,
541 970 676 1028 dolo
699 968 1172 1028 fabricantiumao.
1199 969 1308 1029 Sed
1337 971 1434 1050 qui
1463 971 1552 1028 in-
1583 995 1606 1035 ,τ

280 1053 439 1136 gredi
471 1052 582 1111 ausi
613 1052 742 1114 sunt
765 1101 783 1126 ,
824 1053 1079 1113 validum
1104 1061 1162 1113 δε
1186 1052 1367 1112 fidum
1390 1052 1554 1113 intel·
1582 1079 1606 1115 ,··.ἰ

276 1139 477 1197 lexere.

357 1223 520 1281 XVI.
552 1223 854 1281 CETERUM
881 1218 1098 1280 &bsessis
1123 1218 1263 1278 adeo
1300 1217 1554 1302 suppedi-
1578 1239 1582 1243 ·

1581 1194 1605 1302 ἐξ

278 1387 489 1446 horreis
511 1388 705 1469 ignem
727 1390 1022 1469 injicerent
1045 1412 1056 1444 :
1091 1386 1394 1467 contraque
1422 1407 1554 1469 pro-
1579 1340 1609 1502 ξ

278 1469 488 1529 diderit
511 1469 768 1529 Corbulo
792 1519 808 1542 ‚
846 1498 879 1521 oc
896 1469 1126 1528 Parthos
1148 1469 1343 1551 inopes
1365 1469 1555 1551 copia-
1578 1490 1605 1580 ἓ

278 1636 653 1718 agnationem
673 1683 689 1709 ‚
728 1659 911 1717 neque
936 1635 989 1695 se
1014 1634 1135 1718 plus
1159 1635 1330 1693 tridui
1351 1657 1570 1703 itinere,

275 1717 599 1779 mabfuiffe»
613 1764 626 1777 .
672 1719 901 1800 Adjecit
919 1767 936 1792 ,
971 1746 1004 1770 oc
1025 1718 1380 1799 jurejurando
1421 1718 1556 1794 Paeti

275 1823 549 1861 ”cautum
571 1802 720 1885 apud
736 1802 888 1885 figna
903 1850 919 1875 ,
942 1802 1277 1861 adstantibus
1293 1803 1386 1874 iis,
1412 1823 1557 1883 quos,

272 1885 664 1945 notestificando
691 1908 784 1945 rex
807 1884 1032 1944 mififfet
1052 1933 1068 1957 ‚
1108 1887 1401 1946 neminem
1430 1888 1553 1944 Ro-

276 2049 662 2110 mreferrentur
688 2050 855 2110 literae
883 2051 1124 2110 Neronis
1149 2099 1164 2123 ‚
1205 2075 1273 2110 an
1299 2053 1420 2134 paci
1449 2075 1520 2111 an
1548 2110 1559 2131 ·.

278 2155 522 2193 annueret
535 2163 569 2186 α)
582 2180 594 2194 .
611 2136 750 2209 Quae
770 2154 830 2193 ut
851 2133 1115 2217 augendae
1135 2133 1380 2194 infamiae
1397 2158 1526 2194 com
1548 2191 1549 2194 ,

279 2216 452 2300 posita
474 2264 491 2289 ‚
532 2216 602 2276 fic
631 2217 844 2298 reliqua
866 2241 982 2276 non
1009 2217 1067 2275 in
1091 2217 1323 2277 obscuro
1348 2219 1532 2278 haben

281 2322 397 2360 tur:
421 2300 529 2359 una
551 2301 643 2360 die
664 2301 1031 2384 quadraginta
1050 2301 1293 2361 millium
1311 2300 1484 2385 spatiu

274 2383 573 2444 emensum
622 2383 728 2444 effe
777 2389 987 2444 Paetum
1019 2433 1035 2457 ,
1089 2385 1313 2445 desertis
1355 2385 1481 2468 passi

281 2465 471 2526 sauciis
498 2491 515 2544 3
567 2490 750 2548 neque
794 2468 979 2527 minus
1023 2466 1344 2528 deformem
1387 2468 1481 2542 illa

282 2549 624 2633 fugientium
643 2552 1078 2637 trepidationem
1093 2600 1110 2625 ,
1135 2553 1307 2634 quam
1329 2552 1368 2612 si
1392 2574 1512 2636 terg
