1659 2917
0 219 3 226 Ι
206 124 1095 203 ANNAL111ML11'3.X1V.
1190 163 1304 217 217

0 228 16 244 ’
36 238 358 302 verberibus
393 246 451 299 δε
486 237 706 297 intento
734 235 883 296 ferro
919 240 1165 298 turbatos
1193 239 1307 299 dis-
1333 247 1522 278 z*

0 337 11 375 a
41 331 236 406 jecere.
286 322 624 402 Mutataque
646 367 662 393 ‚
705 343 826 400 quae
850 343 947 402 pes
972 320 1308 382 seditionem
1334 307 1446 420 Abu.
1468 302 1521 345 C.

43 426 320 466 verterant
338 452 355 476 ,
386 414 443 466 δε
465 407 706 488 Poppaeae
727 405 905 462 honos
929 403 1189 485 repositus
1219 409 1311 465 est.
1379 458 1419 496 J·
1442 387 1499 497 Ξ

42 491 184 566 Quae
206 488 423 572 semper
453 488 588 548 odio
615 536 632 560 ‚
669 507 793 546 tum
825 496 882 547 δε
919 508 1074 547 metu
1116 508 1270 546 atrox
1294 536 1312 561 ‚
1394 526 1471 572 62,

45 595 118 632 ne
167 593 260 632 aut
304 571 457 654 vulgi
500 572 676 631 acrior
716 571 796 630 vis
846 571 1171 653 ingrueret,
1222 592 1317 630 aut

47 653 209 718 Nero
227 654 588 714 inclinatione
616 652 806 737 populi
833 675 1169 725 mutaretur,
1193 676 1322 735 pro-

51 738 241 799 voluta
261 738 492 821 genibus
512 745 626 819 ejus
646 763 702 795 :oc
721 738 853 794 Non
874 739 941 796 eo
964 738 1074 796 loci
1098 760 1180 796 res
1203 735 1324 796 suas

49 824 184 905 magi
206 869 223 894 ,
269 842 329 880 ut
365 821 436 880 de
470 820 834 879 matrimonio
869 833 1042 881 certet
1085 824 1325 901 (quam-

23 928 268 987 ¹mquam
310 904 369 962 id
414 902 513 962 fibi
551 904 664 962 vita
698 905 953 986 potius),
1004 903 1100 964 sed
1146 904 1327 962 vitam

0 992 1 999 ’
36 986 268 1070 „ipsam
283 988 341 1045 in
359 1008 674 1047 extremum
687 986 987 1045 adductam
1002 1011 1034 1045 a
1051 986 1329 1046 clientelis

0 1086 5 1110 ³
53 1080 158 1132 aa&
203 1069 434 1130 servitiis
478 1070 725 1129 oetaviae
753 1117 769 1142 ‚
833 1093 952 1150 quae
1004 1069 1180 1150 plebis
1225 1069 1329 1129 fibi

0 1147 7 1180 ³
56 1177 314 1214 ”nomen
338 1153 646 1213 indiderint
665 1201 681 1224 ‚
707 1177 770 1213 ea
787 1152 843 1210 in
867 1175 1000 1234 pace
1021 1153 1130 1212 aufi
1153 1201 1169 1224 ‚
1206 1176 1331 1233 quae

2 1253 10 1277 ‘
58 1239 195 1297 »vix
220 1236 370 1296 bello
396 1237 697 1295 evenirent.
746 1235 925 1294 Arma
948 1234 1044 1294 illa
1070 1235 1332 1295 adversus

0 1314 5 1319 ³
104 1321 419 1402 Principem
448 1318 664 1400 sumpta
691 1343 703 1376 z
748 1318 951 1378 ducem
982 1319 1201 1378 tantum
1228 1319 1334 1378 de-

35 1401 298 1474 -sofuiffe,
343 1403 439 1483 qui
467 1451 483 1475 ‚
524 1403 692 1460 motis
723 1401 884 1461 rebus
908 1450 924 1474 ,
967 1400 1128 1462 facile
1172 1424 1339 1483 repe-.

46 1515 89 1533 --
108 1487 319 1546 riretur.
365 1486 677 1545 Omitteret
709 1486 884 1545 modo
910 1487 1285 1569 Campaniam
1313 1502 1342 1557 ,ζ

64 1604 91 1617 -·
110 1579 166 1631 &
200 1573 260 1627 in
290 1568 514 1627 Urbem
538 1567 712 1648 ipsam
740 1590 994 1650 pergeret
1019 1616 1034 1639 ,
1079 1570 1152 1627 ad
1182 1576 1336 1648 cujus

66 1687 93 1703 ··
111 1674 312 1712 nutum
325 1649 560 1710 absentis
581 1651 850 1709 tumultus
866 1650 1341 1724 cierentur.Quod

56 1735 363 1815 alioquin
401 1732 561 1792 suum
601 1732 918 1793 delictum?
956 1758 1126 1814 quam
1164 1732 1342 1814 cujus-

0 1821 3 1854 *
61 1841 289 1901 nquam
332 1814 745 1876 offenfionem?
797 1816 929 1888 An,
978 1819 1107 1897 quia
1149 1839 1342 1876 veram

75 1937 99 1950 ··
118 1900 446 1986 progeniem
490 1898 779 1981 penatibus
822 1898 1101 1958 Caesarum
1149 1899 1346 1959 datura

64 1973 103 2087 lu
121 1985 184 2045 fit
207 2032 223 2057 ‚
259 1982 426 2042 malle
455 1981 724 2064 populum
746 1985 1073 2042 Romanum
1099 1982 1347 2043 tibicini-s

81 2104 103 2116 ··
123 2067 364 2148 AEgyptii
411 2065 665 2124 subolem
712 2068 1082 2148 Imperatorio
1130 2064 1349 2149 fastigio

84 2185 109 2198 -·
126 2149 356 2210 induci?
383 2150 649 2230 Denique
669 2198 684 2221 ‚
709 2149 746 2207 fi
772 2150 831 2208 id
856 2150 1016 2209 rebus
1041 2149 1319 2209 conducat
1331 2170 1357 2223 ‚·

86 2268 112 2281 ··
131 2231 308 2292 libens
323 2279 338 2302 ‚
363 2230 531 2310 qua-m
552 2237 789 2304 coaestuS,
813 2234 1015 2291 acciret
1036 2233 1354 2306 dominam,

0 2301 34 2382 ip}
89 2352 115 2365 -·
133 2314 221 2376 vel
246 2311 551 2373 consuleret
574 2313 850 2375 securitati
867 2316 1002 2398 justa
1023 2316 1255 2376 ultione.
1285 2310 1357 2376 Et

0 2403 46 2527 {11-
92 2436 119 2447 ..
138 2396 373 2466 modicis
396 2398 657 2457 remediis
681 2446 696 2470 ‚
729 2400 937 2481 primos
960 2421 1145 2460 motus
1169 2400 1356 2460 conse⁴

0 2495 9 2530 1

72 2500 74 2504 ’
95 2478 275 2541 --disse
298 2505 310 2538 ε
349 2500 404 2539 at
427 2527 442 2552 ‚
478 2479 517 2539 fi
545 2480 836 2564 desperent
859 2505 1091 2543 uxorem
1115 2483 1358 2542 Neronis

111 2563 262 2627 fore
286 2564 581 2624 Octaviam
600 2613 618 2639 ,
654 2566 738 2627 illi
762 2567 1029 2629 maritum
1054 2568 1278 2627 daturos
1307 2591 1361 2629 «α

266 2649 417 2706 Tom.
457 2651 566 2709 III.
1067 2655 1120 2710 K
