1659 2917
263 133 736 196 ΆΝΝΑῑῐυΜ
781 131 1149 192 L1B1X1H.
1249 156 1351 210 133

91 236 280 297 ‘nciam
300 236 456 295 avare
481 231 730 290 habitam
744 261 801 287 ιο,
823 231 1126 292 Absolutus
1144 233 1359 292 Cestius
1382 248 1578 306 ΞΕ

93 318 351 381 Proculus
390 315 824 400 repetundarum
850 363 867 386 ‚
912 315 1238 374 cedentibus
1276 340 1361 374 ac-
1383 308 1432 349 A.
1450 309 1501 346 U·
1520 308 1569 348 C·

91 401 446 461 cusatoribus.
491 398 728 457 Clodius
762 397 1070 473 Quirinalis
1088 446 1105 469 ,
1155 426 1187 449 cc
1207 399 1360 479 quod
1429 384 1514 428 809
1516 406 1536 424 ’“

90 483 419 566 „praefectus
454 483 736 565 remigum
760 527 777 552 ,
817 482 915 561 qui
950 482 1232 541 Ravennae
1260 482 1360 540 ha-
1428 460 1539 501 ὣς·

87 569 398 628 naberentur
430 615 446 639 ‚
506 565 659 625 velut
709 564 967 622 infimam
1019 565 1312 622 nationum
1342 613 1361 638 ,

89 680 125 706 ω
135 651 357 710 Italiam
373 647 583 708 luxuria
595 646 905 729 saevitiaque
926 646 1334 706 adflictaviffet„
1347 697 1364 721 ‚

90 757 311 794 veneno
335 732 761 791 damnationem
784 731 1098 790 antevertit.
1121 730 1368 789 C.Am‘1-

97 818 222 876 nius
242 817 452 875 Rebius
466 863 482 887 ,
498 838 562 875 ex
580 810 925 898 primoribus
940 813 1135 897 peritia
1156 813 1369 896 legum„

93 910 155 960 &
172 901 429 983 ‘pecuniae
456 898 845 981 magnitudine
870 947 885 970 ,
928 899 1195 957 cruciatus
1219 921 1370 978 aegrae

86 983 318 1044 senectae
341 1032 357 1056 ‚
397 980 558 1040 miffo
579 1005 676 1064 per
698 1005 863 1041 venas
889 979 1155 1064 sanguine
1177 1029 1193 1053 ‚
1226 980 1369 1040 effu—

88 1068 172 1149 git
193 1092 205 1124 :
230 1067 380 1125 haud
401 1066 640 1124 creditus
654 1063 901 1123 sufficere
917 1065 988 1123 ad
1002 1066 1367 1136 constantiam

88 1149 372 1210 sumendae
389 1149 583 1207 mortis
597 1197 612 1220 ‚
638 1148 712 1207 ob
735 1148 997 1207 libidines
1015 1147 1369 1209 muliebriter

87 1231 333 1291 infamis·
353 1233 432 1291 At
453 1236 516 1290 L.
532 1230 791 1292 Volufius
815 1231 1036 1314 egregia
1059 1230 1210 1290 fama
1232 1255 1365 1290 con-

88 1317 273 1391 ceffit3
302 1317 390 1374 cui
418 1336 524 1374 tres
555 1324 612 1374 δέ
638 1315 947 1397 nonaginta
968 1316 1100 1373 anni
1124 1314 1364 1397 spatium

87 1398 345 1471 vivendi,
373 1398 763 1481 praecipuaeque
788 1422 919 1481 opes
938 1398 1099 1457 bonis
1121 1399 1326 1459 artibus
1345 1447 1362 1472 ,

34 1481 37 1483 ’
83 1481 356 1541 inoffensa
381 1502 466 1540 tot
492 1485 904 1564 Imperatorum
932 1482 1148 1541 malitia
1177 1481 1302 1542 fuit.

168 1567 392 1624 XXXI.
429 1566 682 1623 NERONE
704 1564 1012 1625 secundum
1031 1614 1047 1638 ,
1072 1569 1136 1625 L.
1164 1565 1360 1626 Pisone
1385 1587 1585 1625 Ξ

86 1647 404 1707 consulibus
430 1696 446 1720 ‚
495 1672 667 1730 pauca
705 1648 982 1708 memoria
1018 1649 1188 1731 digna
1233 1672 1362 1709 eve-
1389 1640 1581 1685 A.U.C,>

1440 541 1516 595 561

87 1753 262 1790 nere:
303 1730 403 1788 nisi
445 1732 534 1789 cui
575 1730 783 1803 libeat,
824 1729 1115 1790 laudandis
1159 1730 1364 1791 funda-
1431 1712 1545 1827 ξιξ·

87 1814 296 1873 mentis
327 1823 385 1874 &
417 1814 662 1872 trabibus
686 1861 703 1886 ,
747 1813 868 1894 quis
895 1814 1109 1874 molem
1140 1816 1363 1898 amphi-
1446 1811 1552 1916 5⁰72·

87 1897 291 1956 theatri
326 1896 473 1980 apud
510 1919 774 1980 campum
811 1898 1016 1957 Martis
1053 1898 1234 1958 Caesar
1269 1922 1363 1959 ex-

85 1981 348 2040 struxerat
375 2029 392 2054 ‚
445 1979 736 2040 volumina
788 1981 1069 2065 implere:
1122 1982 1254 2041 cum
1299 2006 1364 2043 ex

85 2062 362 2146 dignitate
403 2064 594 2147 populi
637 2066 885 2124 Romani
926 2086 1210 2148 repertum
1256 2064 1320 2125 fit
1345 2113 1365 2140 ,

86 2169 171 2205 res
188 2147 437 2206 inlustres
459 2147 749 2207 annalibus
763 2196 780 2220 ‚
806 2149 936 2208 talia
956 2150 1167 2210 diurnis
1190 2151 1364 2209 Urbis

90 2230 223 2289 actis
260 2231 543 2291 mandare:
596 2231 872 2292 Ceterum
910 2232 1140 2291 coloniae
1171 2234 1366 2316 Capua

88 2333 257 2393 atque
285 2315 553 2387 Nuceria,
579 2315 782 2374 additis
801 2318 1075 2376 veteranis
1094 2365 1111 2389 ‚
1134 2316 1364 2376 firmatae

89 2394 247 2454 sunt:
281 2397 582 2478 plebeique
605 2399 960 2482 congiarium
982 2400 1362 2483 quadringeni

88 2481 312 2537 nummi
344 2481 554 2540 viritim
593 2481 709 2542 dati
739 2531 755 2555 ,
799 2491 856 2542 δε
883 2481 1191 2543 sestertium
1222 2506 1360 2563 qua-

88 2561 434 2646 dringenties
477 2566 665 2630 aerario
709 2564 950 2629 inlatum
998 2569 1073 2630 est'
1116 2566 1186 2626 ad
1230 2565 1362 2644 [6ῑί-τ
