1637 2917
186 175 301 254 516
387 170 457 228 IN
508 168 986 228 SUPPLEMENTUM
1032 169 1159 232 Lm.
1203 173 1369 236 XVI.

248 267 374 317 CAP.
396 267 461 316 L.
502 266 908 337 Diverfiffimorum
929 284 1184 334 temporum.
1206 273 1396 322 Sueton.
1412 276 1463 321 in

182 334 300 385 Ner.
341 334 462 400 Cap.
490 352 568 399 23.
609 333 875 385 Certamina
909 335 1122 400 deinceps
1157 338 1263 388 obiit
1297 339 1467 388 omnia.

187 401 320 453 Nam
341 400 390 450 ἓν
410 418 506 466 quae
537 400 912 469 diverjsz'ffimorum
941 419 1183 466 temporum
1192 406 1337 470 sunt,
1365 402 1469 471 cogi

183 466 236 518 in
266 484 404 515 unum
430 484 602 516 annum
619 507 634 531 ‚
658 468 909 534 quibufiiam
935 468 1074 518 etiam
1091 469 1278 520 iteratis
1296 507 1312 530 ,
1328 470 1467 536 juffit.

185 532 418 602 'Ozjympiae
465 551 630 600 quoque
660 550 830 598 praeter
867 534 1226 601 consuetudinem
1262 534 1472 604 musicum

183 617 337 669 agona
366 598 594 667 commzjit.

251 665 434 730 Resec‘ici
462 665 618 717 barba.
649 662 747 715 Dio
777 663 943 714 LXIII
962 704 975 726 ‚
1002 683 1115 733 pag.
1137 683 1194 725 7¹
1203 685 1251 726 9.

257 731 398 782 Modo
427 731 633 800 religari.
661 733 854 781 Sueton.
875 735 924 781 in
947 731 1063 781 Ner.
1091 732 1213 799 Cap.
1237 748 1315 781 21.
1347 732 1473 782 Inter

189 812 343 847 cetera
376 799 584 850 cantavit
618 797 835 848 Canacen
873 798 1236 866 parturientem,
1273 797 1473 866 Orestem

190 863 482 913 matricidam
505 904 520 927 ‚
561 863 824 927 OEdipodem
867 880 1147 914 excaecatum
1173 901 1188 924 ‚
1227 863 1473 914 Herculem

193 929 420 995 insanum.
453 930 658 994 Quidam
683 932 988 998 interrogatus
1006 969 1018 991 ,
1042 930 1148 996 quid
1169 928 1348 991 faceret
1373 929 1474 978 Im-

191 1012 375 1059 perator
394 999 419 1046 ἓ
450 995 686 1062 respondit
714 996 892 1058 facete,
927 995 1076 1046 Parit.
1107 995 1329 1046 Canacen
1351 998 1475 1047 enim

195 1062 376 1128 agebat.
412 1063 510 1112 Dio
540 1062 736 1123 LXIII,
768 1081 878 1129 pag.
902 1081 1013 1119 720.

260 1127 399 1178 Ferro
429 1128 724 1180 violarentur.
759 1129 856 1177 Dio
878 1167 891 1189 ‚
922 1129 1033 1177 ibid.

259 1192 406 1245 Poenci
441 1193 733 1259 expiandum.
766 1195 958 1245 Sueton.
979 1198 1030 1243 in
1055 1194 1171 1244 Ner.
1203 1195 1326 1262 Cap.
1348 1212 1426 1260 23.

196 1297 387 1417 CCAP-
416 1300 499 1350 LI.
544 1298 672 1352 Reus
707 1297 756 1352 V
753 1298 1026 1367 efivafianuS.
1063 1300 1187 1351 Suet.
1210 1301 1259 1349 iu
1286 1295 1477 1365 Vespas.

194 1419 197 1422 .
248 1383 323 1432 ap·
357 1386 404 1427 4·

263 1463 391 1513 CAP.
418 1461 526 1510 LII.
556 1460 840 1523 Superaddit
870 1461 1070 1525 nuptias,
1112 1463 1184 1510 Ita
1211 1477 1363 1511 tamen
1385 1498 1400 1521 ,
1432 1474 1483 1509 ur

204 1529 338 1578 fimul
358 1534 400 1575 &
415 1527 727 1594 Pythagoram
746 1531 961 1578 maritum
978 1566 992 1590 ,
1010 1535 1056 1576 &
1072 1528 1275 1594 Sporum
1290 1543 1483 1575 uxorem

204 1596 426 1655 haberet,
458 1594 556 1642 Dio
584 1593 750 1642 LXIII
775 1634 788 1656 ,
820 1612 932 1663 pag.
969 1612 1083 1654 721.
1131 1592 1257 1643 Cum
1288 1610 1487 1659 puerum

203 1662 409 1728 Sporum
439 1677 630 1708 uxorem
663 1661 822 1721 duxit,
859 1678 968 1710 tunc
1003 1661 1214 1728 vulgatus
1255 1657 1509 1726 cujusdam'

203 1745 299 1777 non
330 1725 522 1793 inscitus
545 1727 680 1791 jocus
701 1748 716 1775 :
748 1726 862 1777 bene
898 1726 974 1795 agi
1005 1725 1187 1792 potuiffe
1221 1741 1320 1775 cum
1352 1724 1488 1774 rebus

191 1793 415 1843 'humanis
438 1831 454 1856 ,
482 1791 532 1860 fi
563 1792 807 1842 Domitius
840 1834 856 1856 ‚
902 1808 1034 1857 parer
1073 1792 1278 1842 Neronis
1300 1831 1314 1854 ,
1351 1791 1488 1841 talem

192 1859 418 1926 ‘habuiffiet
454 1870 660 1908 uxorem.
699 1859 878 1909 Contra
914 1858 1024 1910 vero
1059 1858 1192 1908 Nero
1228 1876 1387 1908 amore
1421 1859 1487 1907 ita

204 1926 389 1978 insanus
420 1941 514 1975 erat
536 1964 553 1987 ,
583 1942 633 1974 ut
669 1925 871 1975 honores
903 1928 1133 1979 maximos
1153 1965 1166 1988 ‚
1215 1922 1487 1974 immensam

208 1996 420 2062 pecuniae
449 1993 543 2040 vim
570 2009 886 2061 proponeret,
921 1993 953 2040 fi
983 1995 1084 2058 quis
1113 1993 1316 2056 Sporum
1335 1989 1488 2039 facere

144 2108 147 2116 ¹
205 2058 356 2125 posset
388 2059 660 2119 mulierem3
690 2063 736 2105 &
754 2061 953 2122 reperti,

210 2124 311 2174 Dio
345 2123 698 2190 Chrysostomus
717 2162 731 2183 ‚
765 2122 900 2172 Orat.
921 2122 971 2174 X
1025 2123 1078 2183 I,
1107 2141 1154 2187 p.
1181 2140 1276 2181 270
1299 2128 1343 2170 &
1363 2120 1491 2193 seqq.
1546 2179 1548 2182 ¹

213 2189 362 2239 Fuere
397 2206 586 2258 quoque
610 2228 623 2249 ‚
660 2192 740 2256 qui
773 2191 932 2255 postea
970 2191 1019 2237 in
1055 2188 1189 2238 Urbe
1210 2227 1224 2249 ,
1262 2188 1322 2238 ad
1348 2206 1495 2239 omne
1548 2221 1551 2225 ·

213 2258 441 2324 flagitium
474 2256 622 2321 prona
638 2293 652 2316 ‚
684 2256 997 2321 portentosam
1016 2254 1137 2304 hanc
1155 2254 1361 2304 Neronis
1382 2255 1494 2304 lib}-
1550 2260 1558 2318 Tg

215 2323 370 2371 dinem
391 2324 708 2385 imitarentu-r3
733 2337 780 2373 ut
799 2323 951 2372 videre
975 2322 1037 2371 est
1054 2320 1179 2391 apud
1196 2321 1486 2385 Martialem»,
1536 2328 1549 2337 ·’

214 2389 456 2509 Ερὲιῐῖἲίῗι.
478 2387 763 2517 {rlzlfizissizllm
788 2455 887 2504 Dio
905 2453 1071 2507 LXIII
1089 2490 1103 2514 ,
1133 2469 1244 2520 pag.
1265 2471 1377 2513 720.
1411 2455 1511 2510 DQ

216 2520 299 2570 3115
327 2538 517 2589 quoque
545 2519 664 2568 infra
694 2520 815 2569 Hist.
840 2521 895 2582 Ι,
929 2539 1009 2583 73.
1543 2563 1549 2578 ,Ἴ

285 2585 499 2638 Belluina
518 2586 738 2638 aemulari.
765 2588 865 2638 Dio
882 2587 1049 2639 LXIII
1066 2625 1080 2651 ‚
1099 2605 1211 2659 pag.
1229 2604 1342 2648 72-1.
1365 2586 1500 2650 Suet,
1597 2612 1599 2651 j
1630 2636 1632 2638 ,

218 2653 270 2706 in.
297 2652 415 2712 Ner.
446 2652 567 2725 Cap.
591 2671 675 2716 Ἀρ,
1137 2703 1149 2706 γ,
1174 2700 1177 2703 .

1009 2059 1055 2104 ui
1074 2057 1121 2104 id
1143 2057 1486 2123 pollicerentur.
1572 2059 1574 2061 ’
1608 2094 1613 2109 ,
