1637 2917
58 249 251 279 κ--ῧ--ι-

57 309 112 352 A·
129 308 182 344 U·
206 304 258 344 C·
273 304 536 386 coegerit.

98 380 126 421 8
137 389 210 420 20.

95 455 132 495 J.
166 452 216 492 C.

117 526 201 585 ‚670

277 128 391 201 336
572 121 1261 184 SUPPLEMENTUM

269 241 513 301 quorum
539 220 720 305 ipsum
747 245 960 283 nomen
982 221 1153 283 scelus
1181 221 1355 295 foret,
1381 221 1543 284 silere

360 390 512 446 LIII.
541 387 596 445 N
614 409 650 445 o
670 409 708 445 N
733 406 925 448 tamen
957 388 1099 447 vieta
1126 388 1291 447 tantis
1315 384 1538 470 flagitiis
1576 428 1602 437 x

270 469 606 531 conscientia
630 518 647 543 ,
685 469 780 530 sed
807 472 1127 531 immanem
1150 472 1405 530 animum
1433 494 1535 555 pu-

268 555 405 615 dore
486 556 650 614 ariter
699 578 758 612 ac
805 575 1012 614 terrore
1056 554 1317 614 laniabat.
1386 557 1536 613 Hinc

266 638 398 698 licet
455 660 576 699 oret
613 638 945 697 destinatum
981 639 1272 722 praecipuas
1314 638 1536 696 Graeciae

265 723 429 783 urbes
473 722 535 782 ea
579 721 991 804 turpitudinum
1035 722 1244 781 inluvie
1283 718 1496 780 foedare
1516 767 1534 792 ‚

265 806 670 867 Lacedaemone
693 826 883 865 tamen
903 815 957 866 &
982 806 1220 865 Athenis
1244 804 1534 880 abstinuit3

264 893 584 970 Lycurgum
605 889 809 947 veritus
826 937 842 961 ,
863 888 901 946 fi
921 889 1118 948 urbem
1137 937 1153 961 ‚
1171 887 1322 947 tantfi
1342 887 1534 970 legum

263 972 578 1044 sanctitate,
607 972 877 1030 virtutum
905 971 1152 1032 claritate
1176 971 1535 1043 celebratam,

263 1058 512 1116 intraret.
559 1056 748 1137 Magis
775 1056 953 1115 adhuc
979 1077 1222 1116 terruere
1249 1056 1534 1113 Furiarum

263 1139 451 1212 sacra,
493 1139 734 1199 Athenis
769 1140 960 1223 peragi
992 1138 1189 1198 solita:
1230 1137 1535 1197 formidata
1583 1189 1587 1194 .

263 1246 490 1307 quoque
543 1222 815 1282 Eleusinia
845 1271 863 1296 ‚
923 1246 1165 1304 quorum
1215 1222 1534 1282 initiatione

257 1308 427 1390 impii
456 1315 514 1366 δε
548 1305 796 1366 scelerati
829 1330 966 1366 voce
987 1307 1267 1390 'praeconis
1303 1305 1534 1367 submo-

257 1391 553 1452 vebantur.
585 1391 743 1448 Forte
765 1391 887 1470 quis
911 1390 969 1447 in
991 1392 1097 1449 hoc
1121 1391 1387 1450 vitiorum
1412 1410 1536 1471 pro‹

262 1473 444 1534 fundo
479 1472 620 1531 hanc
654 1472 1044 1555 superstitionis
1084 1475 1201 1532 vim
1222 1473 1533 1532 mirabitur.

262 1559 343 1618 At
365 1582 395 1616 a
418 1554 613 1615 natura
637 1603 652 1627 ‚
694 1562 845 1637 cujus
888 1557 1113 1615 interest
1147 1556 1351 1616 scelera
1391 1554 1532 1614 infa-

262 1663 420 1702 mare
447 1687 463 1713 ‚
502 1637 775 1722 sapienter
817 1638 1132 1699 consultum
1175 1642 1284 1712 est,
1326 1660 1387 1698 ut
1419 1640 1532 1703 im.-

261 1725 426 1810 probi
451 1724 572 1781 raro
595 1746 625 1781 a
645 1721 1023 1806 superstitione
1052 1723 1156 1782 fint
1185 1724 1395 1785 intacti.
1560 1758 1578 1820 ξ

348 1809 499 1869 LIV.
515 1809 801 1880 REMQUAE
827 1829 1014 1867 autem
1038 1808 1229 1880 urbeS,
1254 1808 1355 1866 hac
1379 1804 1590 1878 fama?

261 1914 379 1950 non
408 1889 643 1950 defensae
664 1938 682 1962 ,,
719 1890 790 1949 ad
827 1892 1124 1973 opprobria
1159 1912 1420 1973 patuere:
1457 1913 1530 1949 ne
1558 1899 1593 1974 5?

259 1974 446 2032 invitae
468 1973 702 2054 quidem
721 2021 739 2046 ,
775 1975 930 2054 quod
954 1983 1010 2034 &
1032 1972 1190 2032 solita
1208 1974 1542 2055 Principum‘

260 2057 634 2116 admiratione
654 2104 672 2129 ,
707 2065 764 2116 δε
787 2059 1023 2139 praemiis
1044 2106 1059 2129 ‚
1099 2057 1170 2116 ad
1197 2056 1530 2138 obsequium
1554 2046 1593 2138 ἦ

259 2138 559 2220 laudesque
586 2141 950 2201 traherentur.
969 2141 1369 2224 Olympiorum
1393 2163 1528 2223 ergo

263 2232 321 2288 &
337 2224 663 2301 Pythiorum
684 2224 958 2305 judicibus
981 2226 1040 2283 in
1067 2248 1191 2283 eam
1207 2223 1528 2284 servitutem
1551 2227 1578 2308 ’ξ
1598 2261 1599 2265 =

262 2307 531 2389 corruptis
556 2355 571 2379 ‚
621 2331 817 2367 omnes
853 2310 1107 2368 certatim
1135 2309 1194 2366 in
1220 2309 1527 2368 veneratio-
1550 2311 1597 2393 ξ

261 2412 398 2450 nem
425 2412 586 2450 ruere‘
605 2438 621 2463 ,
662 2392 1018 2451 vietoriarum
1046 2393 1305 2450 omnium
1337 2392 1526 2453 titulos
1541 2395 1586 2462 ‘³5³

260 2474 322 2532 in
347 2496 521 2540 unuin
546 2483 603 2533 δε
623 2475 975 2539 immeritum
1000 2496 1162 2557 caput
1184 2497 1484 2558 congerere
1504 2475 1528 2547 ‚⁴
1546 2483 1555 2492 ”

259 2555 512 2642 undique
533 2579 761 2622 coronas
778 2582 965 2621 aureas
986 2558 1234 2633 adferre,
1255 2568 1311 2620 &
1323 2606 1340 2633 ,
1356 2581 1531 2640 quem

264 2643 267 2646 ’
1266 2646 1271 2650 “
1380 2642 1524 2705 infra
1550 2642 1555 2650 ¹

1568 2174 1590 2236 ,ΠΥ
