1659 2917
284 158 750 201 ANNALIUM
795 137 884 197 L1
913 162 962 198 Β.
1006 136 1143 200 XV.
1253 148 1375 216 279⁷

84 224 268 303 'mune
313 238 562 299 disseruit
589 285 606 309 ,
653 236 1044 318 complectitur
1093 259 1326 297 uxorem
1350 261 1366 316 3

1391 262 1594 298 ²⁶5.

73 327 152 388 ⁴&
186 323 495 406 paullulum
533 321 790 382 adversus
818 319 1143 403 praesentem
1173 319 1369 380 formi-
1389 326 1510 366 A.U.
1530 323 1589 377 (ἴε

93 408 290 467 dinem
314 407 543 475 molitus
565 454 582 479 ‚
613 427 772 489 rogat
796 425 1029 486 oratque
1053 452 1070 475 ,
1098 431 1130 454 oc
1149 426 1370 489 tempe-

37 515 39 522 *
91 512 283 551 notaret
307 492 566 551 dolorem
588 537 605 562 ‚
642 513 712 549 ne
736 509 1006 549 aeternum
1031 485 1324 570 susciperet
1347 514 1367 569 3

62 599 64 603 ⁴
89 574 232 635 :used
255 577 313 635 in
336 573 813 656 contemplatione
838 573 962 632 vit-ce
982 593 1079 656 per
1104 573 1373 634 virtutem

92 664 267 719 matstae
289 708 305 733 ,
330 659 668 720 desiderium
693 657 880 716 mariti
902 656 1106 715 solatiis
1131 656 1374 717 honestis

92 742 476 803 molentem.
513 783 521 790 -
544 742 647 801 Illa
698 742 891 800 contra
919 789 936 814 ,
990 740 1090 799 fibi
1142 763 1372 822 quoque

94 827 425 886 destinatam
464 848 712 885 mortem
745 824 1064 898 adseverat,
1108 847 1373 884 manum-

37 969 49 973 ,
91 933 203 992 que
245 907 567 994 perculsoris
613 909 872 993 exposcit.
920 912 1079 968 Tum
1122 911 1332 969 Seneca
1352 957 1378 983 ,

48 998 50 1000 ’
93 993 280 1077 gloriae
310 1003 425 1076 ejus
452 1018 568 1053 non
600 993 854 1053 adversus
882 1041 899 1065 ‚
942 993 1105 1053 simul
1135 1016 1328 1054 amore
1352 1041 1377 1067 ‚

92 1100 165 1139 ne
195 1077 296 1138 fibi
332 1079 495 1138 unice
532 1078 797 1138 dilechm
837 1077 910 1136 ad
947 1078 1172 1159 injurias
1203 1076 1375 1136 relin-

84 1183 299 1243 querer
320 1163 531 1235 ‚ctVitae
549 1191 582 1227 ᾳ)
610 1208 626 1233 ,
668 1162 855 1243 inquit
879 1209 896 1234 ,
944 1189 976 1213 cc
1001 1160 1378 1221 delinimenta

89 1246 575 1307 „monstraveram
597 1246 735 1318 tibi,
757 1267 819 1305 tu
843 1245 1040 1304 mortis
1060 1245 1227 1304 decus
1253 1268 1383 1305 ma-

89 1330 258 1388 avis:
301 1354 417 1389 non
458 1329 730 1389 invidebo
777 1328 1056 1410 exemplo.
1104 1330 1184 1388 Sit
1214 1328 1383 1410 hujus

86 1433 254 1472 aotam
282 1411 442 1473 sottis
472 1411 647 1472 exitfis
673 1414 976 1472 constantia
1004 1435 1174 1496 penes
1197 1411 1376 1471 utros-

86 1520 244 1578 aoque
279 1520 375 1578 par
398 1545 416 1570 ‚
460 1495 806 1556 claritudinis
829 1496 950 1580 plus
977 1498 1037 1555 in
1061 1518 1158 1555 tuo
1186 1495 1380 1557 finem.

68 1583 212 1641 *Post
241 1604 360 1662 quae
386 1629 402 1653 ‚
446 1579 652 1640 eodem
692 1581 807 1639 ictu
847 1580 1074 1638 brachia
1103 1578 1253 1639 ferro
1279 1601 1378 1640 ex⁴

90 1663 328 1724 solvunt.
371 1667 578 1723 Seneca
598 1712 614 1736 ,
635 1665 910 1745 quoniam
935 1662 1108 1723 senile
1136 1685 1231 1722 cor
1273 1686 1333 1722 us
1354 1681 1381 1737 ,·

90 1757 149 1809 δέ
192 1770 358 1830 parco
400 1748 549 1807 victu
598 1765 894 1807 tenuatum
915 1794 933 1819 ,
979 1746 1133 1807 lenta
1169 1685 1379 1829 effliilgia

87 1830 342 1914 sanguini
396 1831 676 1914 praebebat
702 1879 720 1904 ‚
771 1853 997 1890 crurum
1044 1852 1272 1912 quoque
1316 1838 1380 1892 &

88 1915 373 2000 poplitum
405 1937 570 1974 venas
601 1915 903 1996 abrumpit.
948 1913 1218 1996 Saevisque
1249 1935 1377 1975 cru-

91 1998 323 2059 ciatibus
349 1995 587 2058 defeffus
609 2047 626 2071 ‚
670 2022 742 2059 ne
768 1997 965 2058 dolore
986 1996 1084 2058 suo
1113 1998 1377 2058 animum

32 2142 37 2146 .
88 2084 271 2144 uxoris
326 2080 661 2166 infringeret
689 2131 706 2156 ‚
757 2104 924 2165 atque
976 2080 1090 2165 ipse
1139 2080 1377 2143 visendo

41 2171 45 2174 ’
89 2170 206 2252 ejus
237 2188 520 2227 tormenta
542 2216 558 2240 ‚
596 2167 667 2226 ad
699 2168 1114 2251 impatientiam
1138 2166 1376 2245 delabe-

86 2272 251 2312 retur
273 2250 503 2330 ‚suadet
527 2280 559 2302 cc
576 2251 635 2309 in
656 2251 809 2311 aliud
834 2250 1157 2311 cubiculum
1183 2248 1374 2311 absce-

65 2335 345 2396 'mderexu
390 2336 459 2394 Et
486 2335 779 2395 noviffimo
814 2358 1041 2417 quoque
1071 2354 1371 2394 momento

89 2412 478 2502 suppeditante
497 2417 836 2501 eloquentia,
853 2419 1133 2479 advocatis
1148 2417 1377 2499 scripto-

91 2502 243 2562 ribus
271 2550 288 2575 ,
324 2502 587 2586 pleraque
613 2503 875 2578 tradidit,
903 2528 1022 2587 quae
1044 2551 1060 2576 ,
1089 2503 1148 2560 in
1173 2502 1375 2582 vulgus

0 2650 5 2659 ,
91 2584 243 2650 edita
265 2592 380 2672 ejus
401 2588 584 2653 verbis
603 2637 622 2668 ‚
665 2588 944 2655 invertere
981 2583 1330 2671 supersedeQ

1430 395 1546 439 818.

1447 493 1552 598 653·
