1637 2917
266 154 392 233 ‘384
471 148 559 207 IN
608 142 903 205 L1BRUM
949 164 1405 207 UNDEcIMUM

266 251 441 300 Tacito
472 263 750 296 memoratus
784 285 796 307 ,
839 245 961 294 idem
995 247 1110 294 mihi
1145 245 1322 296 videtur
1349 284 1363 307 ,
1404 257 1550 314 quem

271 317 550 369 Ammianus
592 313 889 363 Marcellinus
929 311 1100 361 XXIII
1125 351 1139 374 ‚
1174 333 1202 371 9
1232 352 1245 374 ,
1293 314 1584 377 appellavit„

270 383 525 451 Hyrcaniae
557 382 821 447 proximum
845 420 858 442 ,
892 397 1015 428 nunc
1043 379 1086 427 Ia
1111 380 1274 428 riviere
1295 378 1490 443 d’hster.

335 448 524 499 flumen
553 446 749 497 Sinden.
785 445 980 495 Flumen
1015 445 1223 507 videtur,
1259 445 1386 512 quod
1418 462 1547 494 nunc

268 516 435 566 dicitur
449 512 693 565 Heri-rud.
717 514 793 563 De
811 514 959 564 Dahis
979 512 1150 561 dietum
1171 511 1317 577 suprti.
1334 509 1544 563 Finitimi

270 583 375 633 Arii
395 622 410 646 ,
447 598 596 632 ortum
618 580 769 632 versus
795 620 808 642 ‚
840 596 962 628 nunc
980 579 1133 641 partie
1154 577 1213 626 du
1233 577 1496 645 Khorasan.

335 714 460 765 CAP.
485 712 575 762 XI.
602 710 851 776 Composui·
885 710 1017 760 Libri
1041 712 1107 760 illi
1137 715 1330 777 periere.

333 780 500 831 Edidit
552 778 681 828 ludos
717 777 986 844 saeculares.
1043 778 1166 829 Vide
1217 778 1544 845 Appendicem

262 848 673 913 Chronologicam
703 846 760 893 ad
791 863 962 892 annum
995 844 1062 892 U.
1085 844 1143 893 C.
1172 862 1413 895 Dcccxu.
1448 865 1544 913 quo

267 915 565 964 Domitianus
588 912 719 959 ludos
747 909 975 959 saeculares
1001 909 1242 976 septimum
1274 912 1427 961 edidit.
1466 914 1545 961 De

269 982 384 1030 ludis
406 979 686 1029 saecularibus
702 976 884 1058 disserui
899 979 947 1025 in
965 979 1121 1043 priore
1141 979 1340 1026 editione
1355 1017 1368 1040 ,
1396 978 1543 1029 Tom.

267 1048 313 1097 II
332 1086 345 1107 ,
410 1065 436 1095 a
473 1081 485 1094 .
513 1050 622 1109 338.
791 1059 794 1061 ·

333 1064 584 1162 Liidzgcrum
604 1109 769 1172 TrOJ‘ae.
794 1109 907 1158 Hoc
933 1107 1158 1158 ludicrum
1176 1149 1188 1171 ‚
1212 1106 1412 1173 Troja‘ni
1434 1109 1544 1160 belli

266 1181 505 1230 imitamen
525 1217 537 1239 ,
570 1177 625 1226 ab
650 1175 798 1225 AEnefit
821 1179 1059 1233 inventum
1077 1214 1090 1236 ,
1124 1180 1308 1245 egregie
1338 1175 1545 1226 describit

267 1246 491 1314 Virgilius
510 1243 769 1304 AEneid.V‚
791 1259 877 1303 545
905 1249 948 1290 &
968 1240 1042 1310 seq
1083 1278 1094 1290 .
1120 1245 1196 1292 De
1219 1262 1274 1292 eo
1295 1244 1544 1292 Suetonius

265 1315 314 1362 in
336 1314 429 1367 Jul.
455 1309 569 1362 Caes.
593 1310 715 1377 Cap.
741 1328 816 1374 39.
842 1308 1027 1373 Trojam
1070 1310 1151 1376 ufic
1176 1326 1324 1359 turma
1346 1308 1543 1372 duplex,

264 1380 486 1442 majorum
527 1376 832 1442 minorumque
865 1392 1120 1436 puerorum.
1169 1377 1282 1425 Inde
1313 1376 1548 1443 intelligas

264 1444 474 1494 favorem
508 1442 653 1508 plebis
677 1480 689 1502 ‚
728 1441 831 1490 etim
870 1442 1156 1490 Britannicus
1192 1449 1236 1490 &
1270 1442 1506 1490 Domitius
1528 1479 1550 1506 ,
1588 1451 1593 1457 ‘

266 1510 458 1580 quisque
480 1508 564 1557 suae
591 1524 747 1556 turmae
767 1506 1017 1573 praeeffent.

331 1576 584 1626 Dracones
602 1574 647 1622 in
665 1573 839 1621 modum
856 1570 1358 1640 custodumssriginem
1379 1572 1540 1620 fabulae

264 1643 398 1692 docet
411 1642 654 1691 Suetonius
672 1642 721 1687 in
735 1638 850 1686 Ner.
864 1638 987 1704 Cap.
1004 1644 1047 1685 6.
1061 1637 1182 1704 Quae
1193 1639 1362 1705 sabula¹
1379 1653 1542 1688 exorta

265 1709 356 1774 est,
395 1706 678 1772 deprehensts
716 1706 765 1756 in
804 1704 911 1754 lefto
949 1705 1045 1768 ejus
1082 1704 1252 1754 circum
1291 1702 1542 1755 cervicalia

250 1775 485 1841 serpentis
511 1772 710 1823 exuviis.

327 1905 453 1954 CAP.
475 1905 586 1952 XII.
617 1903 674 1953 In
699 1902 755 1953 C.
779 1903 963 1953 Silium.
993 1904 1070 1952 De
1095 1921 1188 1970 quo
1211 1900 1344 1968 suprzi
1366 1893 1545 1952 Ati-nal.

261 1971 336 2022 XI
362 2010 375 2032 ,
404 1987 449 2032 5.
480 1971 715 2024 Juvenalis
746 1986 934 2037 quoque
961 1968 1042 2029 X,
1079 1986 1187 2032 331.
1361 1971 1364 1973 ’

656 2068 832 2123 Optimus
863 2067 925 2108 hic
957 2067 999 2107 fu·
1019 2065 1312 2121 formofiffimus
1344 2068 1486 2125 idem}

375 2144 519 2187 Gentis
543 2135 908 2199 patriciae'rapitur‘
937 2140 1054 2195 mister
1084 2140 1382 2198 exstinguendus

375 2217 589 2270 Meffalinae
620 2216 756 2258 oculis.

331 2354 456 2405 CAP.
477 2355 611 2416 XIII.
641 2355 697 2404 In
725 2355 786 2404 P.
810 2353 1123 2417 Pomponium.
1150 2354 1202 2403 P.
1225 2355 1544 2422 Pomponium

265 2419 528 2470 Secundum
555 2462 567 2483 ,
606 2439 759 2470 vatem
799 2423 1037 2488 civemque
1075 2421 1360 2470 clarissimum
1386 2462 1398 2483 ,
1435 2425 1574 2474 lau-·
1636 2466 1637 2481 ,

269 2486 426 2536 datum
447 2488 598 2536 Plinio
627 2487 746 2536 XIII
769 2528 782 2549 ‚
809 2506 883 2536 12.
921 2488 997 2537 De
1018 2505 1074 2535 eo
1100 2505 1286 2556 quoque
1317 2487 1546 2552 Quinffi⁴

266 2555 415 2603 lianus
436 2593 448 2614 ‚
483 2555 674 2615 Institut.
698 2553 832 2603 Orat.
857 2553 906 2603 X
924 2592 938 2615 ,
975 2572 1016 2601 1.
1047 2552 1216 2602 Eorum
1234 2594 1249 2615 ‚
1281 2572 1389 2619 quos
1407 2554 1566 2606 vider·
1617 2573 1623 2582 ·

266 2620 356 2671 rim
377 2659 395 2687 ‚
420 2619 552 2689 longe*
570 2621 786 2684 princeps
808 2618 1088 2684 Pomponius
1107 2619 1379 2685 Secundus,
1409 2638 1536 2685 quem
1558 2678 1569 2690 ‚-

1389 2687 1560 2754 fine-t:
1611 2677 1637 2738 ἶ
