1725 2983
321 140 797 205 ‘ANNALIUM
856 138 1024 200 LIB.
1069 128 1207 198 XII:
1324 158 1404 218 57*

126 234 387 301 laudibus
418 270 452 293 <c
464 240 759 301 alumnum
794 239 966 298 Urbis
990 286 1006 310 ,
1047 239 1294 321 spestatae
1325 239 1396 298 ad
1421 275 1612 301 ξε

131 324 235 382 :oid
264 324 541 385 modestiae
566 348 582 402 3
626 347 688 383 ac
715 344 906 382 tamen
932 319 1163 383 ferenda
1199 345 1395 404 regum
1419 319 1470 360 A.
1489 322 1538 361 U·
1560 322 1618 367 C·

128 407 430 489 vingenia,
455 430 637 490 neque
656 404 773 465 usui
796 405 1010 465 crebras
1031 407 1395 466 mutationes:
1460 391 1575 505 3302.

83 485 90 492 ’
130 513 300 550 :aorem
322 493 642 551 Romanam
666 489 774 548 huc
799 487 1045 550 satietate
1073 489 1258 570 gloriae
1281 513 1399 570 pro·
1482 465 1578 589 49C'

128 578 393 634 „vediam
416 621 434 646 ,
481 595 543 633 ut
587 573 823 635 externis
870 595 1096 653 quoque
1140 574 1398 654 gentibus
1545 559 1568 590 ⁸

130 658 426 739 „quietem
475 656 611 717 velit
632 688 688 714 πο.
752 656 971 714 Datum
1013 657 1129 735 post
1176 656 1287 713 haec
1329 659 1398 717 C.

132 740 314 800 Caffio
336 787 366 812 ,,
392 741 489 821 qui
511 742 669 820 Syriae
696 759 918 820 praeerat
943 785 959 811 ,
1003 739 1280 800 deducere
1313 747 1407 821 ju<

131 846 337 885 venem
370 825 548 905 ripam
577 825 649 884 ad
674 823 978 904 Euphrati&

213 908 342 966 XII.
386 910 495 977 EA*
518 928 890 967 TEMPESTA-TE
938 904 1146 965 Caffius
1191 928 1410 968 ceteros-

128 990 490 1073 praeminebat
517 990 712 1072 peritia
738 989 959 1071 legum:
981 1013 1115 1048 nam
1134 992 1406 1051 militares·

128 1095 270 1134 artes
293 1097 390 1156 per
414 1075 596 1133 otium
622 1076 855 1156 ignotae,
880 1072 1282 1155 industriosque
1307 1095 1404 1135 aut

130 1157 360 1239 ignavos
401 1179 503 1237 pax
540 1157 599 1216 in
646 1180 802 1238 aequo
848 1177 1018 1216 tenet.
1088 1156 1402 1231 Attamen,

132 1262 408 1321 quantum
458 1238 571 1300 fine
619 1240 769 1300 bello
817 1239 1051 1298 dabatur
1076 1287 1092 1312 ‚
1141 1263 1404 1302 revocare

127 1323 367 1404 priscum
414 1345 637 1384 morem
666 1371 683 1396 ‚
749 1324 1044 1383 exercitare
1104 1321 1354 1405 legiones
1379 1371 1402 1397 ,

128 1407 258 1466 cura
275 1454 291 1478 ‚
317 1403 534 1488 provisu
551 1456 567 1480 ‚
591 1407 822 1488 perinde
853 1430 1015 1488 agere
1038 1454 1054 1478 ‚
1085 1431 1147 1465 ac
1172 1406 1210 1465 fi
1235 1408 1401 1467 hostis

125 1490 435 1572 ingrueret.
467 1493 549 1548 Ita
574 1491 813 1573 dignum
839 1490 1140 1572 majoribus
1161 1489 1266 1550 suis
1293 1538 1311 1562 ,
1341 1501 1402 1552 δε

126 1570 341 1632 familia
390 1573 567 1631 Caflia
611 1596 756 1633 ratus
794 1620 810 1645 ,
868 1597 966 1655 per
1008 1573 1135 1632 illas·
1172 1598 1402 1655 quoque

125 1678 318 1737 gentes
359 1655 650 1715 celebrata.
709 1657 886 1736 Igitur
925 1658 1114 1717 excitis
1139 1680 1402 1738 quorum

127 1739 197 1798 de
223 1737 493 1798 sententia-*1
517 1740 719 1818 petitus
749 1760 872 1809 rex,
904 1737 1196 1819 positisque
1220 1742 1402 1800 castris

127 1821 273 1902 apud
320 1824 578 1900 Zeugma
607 1867 635 1891 ,.
685 1820 834 1879 unde
886 1822 1128 1879 maxime
1179 1824 1400 1902 pervius

124 1905 304 1963 amnis
331 1950 348 1974 ,
387 1904 678 1984 postquam
710 1902 960 1962 inlustres
980 1904 1168 1962 Parthi
1192 1928 1400 1987 rexque

123 1986 379 2047 Arabum
402 1986 657 2066 Abgarus
678 1986 978 2045 advenerat
996 2011 1012 2063 3
1046 2009 1243 2048 monet
1264 1991 1400 2050 Me-

123 2070 395 2130 herdaten
415 2117 432 2141 ,
462 2069 872 2128 ocbarbarorum
915 2070 1156 2151 impetus
1198 2094 1348 2132 acres
1374 2121 1407 2147 ‚.

120 2182 156 2208 ω
167 2154 518 2212 ειιηᾶαῑίοηε
532 2151 903 2234 languescere,
918 2175 1012 2212 aut
1025 2155 1082 2211 in
1100 2154 1410 2234 perfidiam.

122 2237 405 2307 »mutarit
445 2237 633 2318 itaque
662 2257 884 2317 urgeret
910 2258 1167 2317 coeptaao.
1217 2239 1401 2314 Quod·

124 2318 367 2400 spretum
417 2317 611 2380 fraude
656 2319 869 2401 Abgari
903 2368 920 2391 ‚
981 2321 1079 2400 qui
1125 2328 1404 2401 juvenem1

124 2403 381 2483 ignarum
406 2449 423 2474 ,
463 2412 520 2463 &
545 2402 824 2462 summam
855 2400 1140 2462 fortunam
1170 2404 1229 2462 in
1261 2405 1406 2465 luxu-

124 2506 306 2544 ratum
337 2533 370 2558 ‚‚
398 2486 606 2545 multos
658 2508 755 2568 per
801 2487 933 2546 dies-
969 2487 1194 2547 attinuit
1244 2488 1391 2567 apud

126 2568 686 2653 oppidumtEdeffam.
716 2572 783 2632 Et
805 2592 1039 2634 vocante
1063 2568 1429 2713 Cgrrhenffi,

1155 2706 1158 2709 ,
1194 2672 1232 2712 xz
