1725 2983
239 148 328 211 ἰζ
432 148 503 206 C.
545 149 986 214 Conni-:111
1032 158 1340 221 TACITI‘

34 261 220 303 Ξ
243 259 301 310 &
337 247 725 324 Coffutianus‚
759 261 818 312 δε
848 256 1054 329 ceteri,
1096 260 1330 339 quinon
1355 260 1508 344 judi-³

31 321 79 361 A.
104 325 151 365 U.
172 326 217 365 C.

78 398 186 442 800.

66 478 102 518 J.
131 479 180 520 C.

86 564 168 607 ,47ο

242 333 393 391 cium
428 334 668 416 (quippe
690 336 749 393 in
775 338 1123 418 manifestos)
1156 341 1252 402 sed
1276 368 1499 425 poenam

240 416 397 475 statui
421 417 688 476 videbant
709 465 726 491 ,
765 421 1164 482 circumsistunt
1192 424 1466 486 Caesa-rem
1482 475 1499 500 ‚

235 502 363 559 ante
400 504 519 559 adra
551 501 925 583 deprecantes,
974 508 1041 564 Er
1068 509 1359 589 postquam
1399 534 1500 569 an-

235 604 360 643 nuit
386 631 403 656 ,
443 606 607 666 agere
636 607 928 668 1nc1p1unt.

315 668 449 728 VII.
476 695 508 718 cc
525 669 709 742 QUEM
727 694 906 728 ILLUM
929 670 1080 730 tanta
1098 671 1349 755 superbia
1364 670 1507 746 esse,

235 770 340 809 :out
357 751 721 811 aeternitatem
741 750 901 812 famae
922 753 1013 836 spe
1032 755 1358 837 praesumat?
1384 754 1504 815 usui

234 843 340 894 ³0&
381 835 541 894 rebus
578 832 879 895 subfidium
915 841 1239 921 praeparari,
1281 863 1352 899 ne
1379 840 1504 920 quis

235 917 467 1000 :winopia
511 916 909 978 advocatorum
953 922 1357 1003 potentioribus
1397 922 1504 981 ob·-

236 1003 474 1060 ”noxius
516 999 595 1059 fit.
643 1003 844 1082 Neque
883 1024 1074 1063 tamen
1116 1005 1499 1086 eloquentiam

235 1085 521 1167 mgratuito
545 1086 870 1167 contingere
895 1111 908 1143 z
947 1088 1137 1145 omitti
1161 1112 1312 1147 curas
1333 1087 1503 1147 fami-

236 1169 439 1228 aoliares
460 1216 476 1240 ,
512 1188 573 1226 ut
598 1168 720 1248 quis
746 1167 800 1228 se
826 1168 1019 1228 alienis
1040 1172 1286 1254 negotiis
1313 1172 1502 1231 inten-

234 1279 268 1305 ο)
281 1251 375 1311 dat
392 1276 404 1309 ε
428 1251 634 1310 multos
654 1251 854 1311 militia
869 1301 885 1325 ‚
901 1251 1174 1334 quosdam
1192 1255 1504 1314 exercendo

235 1358 438 1417 »agros
466 1334 701 1395 tolerare
728 1337 902 1396 vitam
930 1362 940 1394 :
984 1336 1126 1395 nihil
1153 1361 1184 1396 a
1214 1360 1503 1418 quoquam

233 1419 462 1501 mexpeti
479 1469 496 1493 ,
517 1418 618 1477 nisi
636 1427 786 1501 cujus
807 1419 1015 1479 fructus
1034 1421 1159 1479 ante
1178 1421 1500 1503 providerit.

234 1501 455 1561 »Facile
501 1501 757 1562 Asinium
787 1551 803 1576 ‚
856 1513 913 1564 &
961 1503 1260 1563 Messalam
1284 1551 1300 1576 ‚
1354 1505 1503 1564 inter

233 1584 595 1645 „Antonium
627 1596 684 1646 δεῖ
709 1587 1023 1669 Augustum
1054 1587 1333 1647 bellorum
1367 1609 1505 1670 prae-

234 1669 407 1726 aomiis
450 1668 682 1729 refertos
708 1719 725 1743 ‚
776 1693 870 1730 aut
914 1671 1120 1730 ditium
1160 1669 1503 1730 familiarum

235 1752 512 1812 wheredes
553 1752 868 1812 AEserninos
905 1763 964 1813 &
996 1754 1293 1812 Arruntios
1316 1801 1333 1825 ,
1380 1776 1509 1812 ma·-

236 1858 459 1918 :ognum
499 1836 756 1894 animum
793 1832 1045 1894 induisse.
1106 1839 1373 1916 Prompta
1402 1835 1503 1894 fibi

236 1917 574 2000 »exempla‚
618 1918 837 1999 quantis
879 1917 1229 1977 mercedibus
1270 1921 1329 1976 P.
1356 1917 1502 1977 Clo-

236 2001 404 2060 :ndius
426 2049 442 2074 ‚
479 2022 574 2060 aut
618 2005 689 2060 C.
734 2001 912 2061 Curio
936 2049 952 2074 ‚
999 2001 1319 2059 concionari
1354 1998 1503 2061 soliti

218 2083 387 2143 *insint
404 2109 416 2142 :
435 2083 489 2144 se
504 2133 520 2157 ‚
541 2085 793 2144 modicos
814 2083 1089 2144 senatores
1105 2132 1123 2157 ,
1146 2082 1332 2165 quieta
1351 2106 1506 2167 repu-

237 2166 463 2240 mblica‚
504 2168 657 2228 nulla
680 2216 696 2241 ‚
740 2167 841 2226 nisi
879 2169 1024 2251 pacis
1055 2215 1071 2240 ‚
1116 2166 1502 2228 emolumenta

237 2272 469 2334 :operere
515 2277 527 2309 :
571 2253 841 2334 cogitaret
883 2251 1108 2334 plebem
1151 2298 1168 2323 ,
1213 2273 1331 2331 quae
1372 2250 1500 2333 toga

236 2333 642 2395 menitesceret:
682 2334 905 2394 sublatis
930 2335 1235 2395 studiorum
1272 2335 1458 2415 pretiis
1482 2381 1499 2406 ‚

235 2418 454 2477 „etiam
486 2419 661 2478 studia
697 2420 1010 2501 peritura».
1056 2420 1139 2477 Ut
1179 2417 1362 2475 minus
1400 2417 1503 2476 de-

240 2523 367 2559 cora
388 2502 499 2559 haec
524 2549 541 2574 ‚
583 2502 659 2561 ita
683 2502 832 2561 haud
859 2499 1051 2560 frustra
1078 2501 1224 2560 dicta
1244 2501 1504 2582 Princeps

237 2604 381 2646 tatus
401 2631 421 2660 ,
457 2583 735 2672 capiendis
759 2585 1005 2667 pecuniis
1029 2581 1208 2669 posuit
1229 2582 1468 2645 modum
1480 2621 1510 2664 3
