1637 2917
254 152 416 208 L113.
460 144 622 207 XVI.
664 148 1125 207 ANNALIU'M.
1236 165 1355 226 327

76 267 231 310 tanta
279 243 561 328 hospitum
609 247 875 326 majestas·
945 247 1145 328 Longo
1198 248 1611 307 εηίιῃΞ--Ξι

75 327 553 414 iuperstitiosoque
577 376 593 401 ,
636 327 735 388 sed
779 328 1105 409 triumphali
1149 354 1355 414 pompa

74 414 311 498 superbo
334 461 350 485 ,
385 414 586 472 itinere
612 411 868 473 defuneti
888 459 907 484 ,
947 410 1179 472 aderant
1202 416 1357 473 Tiri-

77 498 231 558 dates
254 495 477 578 ejusque
500 519 654 569 uxor,
684 493 1068 578 Vologesique
1090 505 1145 557 δεῖ
1165 500 1359 557 Pacori

76 606 140 641 ac
186 582 504 640 Monobazi
548 580 665 640 filii.
730 581 921 639 Primo
968 580 1028 637 in
1068 581 1359 664 congressu

78 665 365 724 Tiridates
406 712 422 736 ,
481 665 847 724 constantiam
901 661 1060 722 saetis
1114 665 1314 724 melius
1341 715 1360 740 ,

80 748 254 830 quam
304 748 484 807 verbis
534 748 760 830 probari
815 766 961 806 ratus
998 795 1015 820 ‚
1066 749 1361 809 Neronem

78 832 316 914 quidem
340 879 356 903 ‚
396 830 573 915 posito
597 855 745 915 genu
765 879 782 904 ‚
819 830 1074 891 salutavit
1096 880 1114 905 ,
1147 830 1366 891 ferrum

76 918 213 977 vero
247 915 465 975 tradere
496 917 681 975 renuit
706 939 722 993 3
755 944 786 967 cc
807 916 868 974 id
893 915 1089 976 servile
1113 965 1129 989 ,
1170 925 1229 976 δε
1257 916 1366 975 Ar-

74 998 434 1059 msacidarum
461 997 678 1081 fastigio
703 999 1004 1081 indignum
1020 1030 1053 1054 ο)
1083 1000 1365 1060 dicititans⁹

77 1083 244 1144 Nihil
296 1084 559 1142 haetenus
607 1084 960 1143 indecorum.
1045 1084 1125 1144 At
1176 1085 1366 1143 statim.

79 1168 275 1227 omnia
313 1169 371 1225 in
409 1166 690 1226 ludicrum
726 1165 894 1227 versa.

163 1252 503 1311 XXXVIII.
542 1253 741 1311 NERO
782 1251 1001 1327 barbari
1038 1249 1365 1310 libertatem

80 1335 272 1394 mirari
309 1335 488 1416 magis
513 1381 530 1406 ‚
572 1334 745 1415 quam
789 1333 1034 1392 aernulari
1058 1381 1075 1405 ,
1118 1354 1364 1415 gnarus5

36 1472 38 1474 ,
78 1417 320 1502 hospites
346 1417 588 1501 Neapoli
625 1417 887 1477 Puteolos
925 1416 1156 1476 duxerat
1183 1465 1202 1490 ,
1247 1417 1368 1499 glaae

79 1501 442 1583 diatoriisque
477 1501 622 1560 ludis
655 1503 956 1560 monstrata
989 1501 1216 1583 imperii
1244 1524 1364 1560 ma-

81 1586 423 1670 gnificentia.
447 1588 564 1644 Hos
586 1584 768 1643 edidit
784 1584 1094 1656 Patrobius‚
1112 1584 1367 1658 libertUS,

80 1691 352 1751 tantoque
378 1667 602 1751 sumptu
622 1715 640 1740 ‚
672 1689 734 1727 ut
759 1689 880 1726 toto
907 1668 999 1728 die
1024 1666 1127 1726 soli
1149 1668 1371 1727 AEthio⁴

79 1777 175 1838 pes
201 1802 217 1825 ‚
268 1752 428 1812 virile
475 1776 537 1811 ac
586 1752 863 1812 muliebre
907 1751 1060 1811 secus
1081 1799 1099 1824 ,
1140 1752 1367 1834 amphi-

82 1839 368 1896 theatrum
395 1834 500 1895 fint
518 1836 757 1919 ingreffi.
779 1836 1062 1896 Tiridates
1083 1882 1100 1908 ,
1120 1856 1182 1894 ut
1203 1835 1370 1896 ludos

80 1921 397 1980 honestaret
420 1968 436 1992 ‚
467 1918 743 2001 simulque
765 1919 1160 1980 dexteritatem
1182 1920 1369 1980 osten-³

81 2025 229 2065 taret
251 2052 267 2077 ‚
291 2027 320 2063 e
344 2003 473 2064 sede
496 2002 588 2063 sua
615 2003 914 2085 ejaculatus
937 2052 953 2077 ‚
979 2003 1119 2064 duos
1141 2023 1365 2078 tauros5

83 2109 144 2148 ut
170 2086 345 2147 fertur
366 2136 382 2161 ‚
420 2112 534 2147 uno
562 2088 676 2147 istu
701 2086 1182 2148 transverberavit.

168 2174 446 2232 XXXIX.
468 2174 612 2233 ΜΛ]
628 2196 663 2230 o
682 2196 723 2232 R
746 2170 854 2231 fuit
885 2195 1121 2255 pompa,
1145 2192 1202 2230 at
1225 2169 1367 2230 sem-

85 2278 184 2340 per
209 2255 490 2315 theatralis
509 2304 526 2329 ‚
556 2255 687 2321 cum
711 2258 962 2316 Romam
989 2277 1224 2317 ventum
1252 2257 1326 2314 est
1348 2301 1366 2326 ,

85 2338 316 2421 diesque
339 2339 519 2399 adfuit
536 2387 552 2411 ,
574 2361 802 2422 propter
816 2339 1080 2401 nubilum
1097 2340 1370 2420 aliquam„

87 2423 188 2482 diu
233 2423 406 2483 dilata
445 2471 462 2496 ,
524 2423 633 2505 qua
680 2425 963 2485 Tiridates
1003 2474 1020 2499 ‚
1082 2422 1368 2485 Armenia>

0 2531 8 2579 f
89 2529 329 2588 regnum
351 2509 619 2591 petiturus
641 2556 657 2580 ‚
675 2509 884 2591 populo
904 2511 1168 2570 Romano
1191 2506 1369 2563 osten-

5 2622 8 2627 ·
84 2590 332 2654 deretur.
378 2592 564 2655 Pridie
585 2593 737 2661 Urbs
759 2614 876 2656 tota
896 2642 916 2669 ,
960 2592 1113 2655 sertis
1144 2587 1326 2650 nitida
1344 2632 1366 2671 ³„

1329 331 1347 350 Λ
1380 319 1429 359 A.
1446 321 1495 358 U.
1515 318 1577 362 Cn

1424 391 1535 439 819·

1424 464 1546 512 Le*

1440 535 1521 586 66,
