1725 2983
269 171 348 225 42
466 149 537 209 C.
583 151 1008 211 CORNELH
1053 152 1355 215 TAcmx

60 276 251 311 ΞΞΞΞ
273 251 495 323 aovociS,
530 251 639 334 qua
665 250 717 325 se
740 252 1059 312 obnoxium
1069 254 1211 336 juffis
1234 253 1543 315 Messalinae
1576 261 1583 265 ’

55 334 108 376 A.
130 335 175 371 U·
200 332 247 371 C·
273 333 571 395 22dediffet.
611 335 754 396 Aliis
790 336 1086 419 largitione
1110 386 1126 410 ,
1171 360 1264 397 aut
1287 337 1399 419 spei
1424 363 1543 398 ma-

109 407 217 447 801.

90 484 128 523 J.
163 485 215 525 C.

107 559 188 615 48.

272 420 610 502 »gnitudine
636 467 654 492 ,
692 418 790 478 fibi
828 442 893 479 ex
928 421 1239 481 necessitate
1279 422 1539 502 culpam:

267 527 415 562 :onec
445 504 707 585 cuiquam
740 506 865 563 ante
891 504 1240 585 pereundum
1268 502 1426 564 fuiffe
1445 553 1461 578 ,
1501 505 1540 564 fi

267 587 475 646 „Silius
523 610 710 647 rerum
758 588 1101 668 potiretur».
1159 590 1542 647 Commotum

269 672 355 732 his
379 719 396 744 ,
445 679 501 731 δέ
524 694 765 752 pronum
796 671 865 730 ad
894 669 1334 731 misericordiam
1358 662 1541 729 Caesa-

268 779 392 815 rem
436 754 724 836 perpulere
767 754 992 827 liberti,
1041 778 1167 814 ncne
1193 802 1209 828 ‚
1254 775 1338 814 tot
1373 751 1543 812 inlus-

267 839 487 898 aetribus
520 840 648 896 viris
683 837 1023 910 iliterfecltiS,
1062 839 1311 896 histrioni
1344 836 1543 896 consu—

268 923 545 981 mleretur:
583 919 777 1001 sponte
814 946 883 980 an
923 925 1140 980 coactus
1179 944 1296 981 tam
1337 944 1542 1003 magna

264 1001 635 1086 mpeccaviffet
659 1051 675 1075 ,
720 1005 862 1062 nihil
893 1003 1168 1064 referre».
1221 1006 1308 1063 Ne
1344 1004 1542 1062 Trauli

266 1087 503 1169 quidem
531 1087 800 1145 Montani
829 1135 845 1158 ‚
889 1088 1089 1167 equitis
1118 1088 1403 1158 Romani,
1446 1087 1542 1146 de-

267 1170 444 1231 fensio
487 1190 707 1251 recepta
754 1171 864 1229 e'st:
906 1171 950 1228 is
995 1170 1243 1229 modesta
1275 1170 1542 1251 juventa,

265 1254 365 1316 sed
389 1277 620 1335 corpore
644 1251 884 1336 insigni,
925 1254 1129 1312 accitus
1169 1253 1315 1312 ultro
1346 1301 1362 1325 ‚
1407 1276 1544 1312 noc-

269 1360 501 1419 temque
532 1338 678 1396 intra
716 1360 888 1394 unam
930 1361 961 1394 a
993 1335 1291 1396 Messalina
1330 1358 1545 1417 protur-

268 1423 428 1482 batus
453 1442 596 1493 etat,
624 1420 842 1502 paribus
870 1419 1098 1479 lasciviis
1123 1420 1194 1478 ad
1218 1420 1543 1500 cupidinem

266 1515 336 1566 δε·
358 1503 588 1564 fastidia.
641 1503 814 1562 Suilio
853 1502 1149 1562 Caesonino
1171 1551 1188 1575 ‚
1240 1512 1297 1563 &
1325 1503 1541 1562 Plautio

265 1593 546 1649 Laterano
569 1609 720 1646 mors
744 1588 1084 1647 remittitur:
1112 1586 1240 1644 huic
1265 1585 1340 1644 ob
1363 1586 1541 1667 patrui

266 1672 560 1755 egregium
618 1671 887 1729 meritum
924 1694 941 1747 3
1009 1668 1331 1729 Caesoninus
1393 1670 1549 1730 vitiis

265 1759 546 1838 protectus
569 1755 644 1812 est
664 1801 681 1826 ‚
712 1774 1005 1833 tamquam
1034 1753 1095 1810 in
1117 1752 1216 1811 illo
1241 1750 1545 1812 foediffimo

268 1859 418 1904 coetu
456 1835 631 1916 passus
672 1836 985 1894 muliebria.

350 1920 654 1980 XXXVII.
698 1922 957 1977 INTERIM
1003 1915 1301 1976 Messalina
1340 1916 1544 1975 Lucul-

267 2003 427 2064 lianis
461 2004 520 2060 in
550 2001 723 2059 hortis
750 2000 1022 2082 prolatare
1048 2001 1223 2059 vitam
1251 2048 1267 2073 ,
1306 2023 1543 2080 compo-

266 2110 400 2147 nere
426 2109 613 2167 preces
638 2132 655 2156 ‚
693 2083 963 2143 nonnulla
988 2081 1078 2164 spe
1100 2132 1116 2156 ‚
1156 2094 1214 2144 &
1238 2083 1541 2163 aliquando

268 2170 350 2230 ira
380 2195 390 2226 :
424 2169 574 2228 tanta
609 2169 754 2226 inter
779 2189 1024 2227 extrema
1047 2165 1295 2248 superbia
1324 2166 1542 2248 agebat.

270 2254 357 2314 Ac
383 2254 443 2310 ni
462 2252 670 2311 caedem
696 2259 809 2332 ejus
831 2248 1103 2310 Narciffus
1121 2247 1540 2331 properaviffet‚

271 2357 510 2395 verterat
548 2335 816 2416 pernicies
854 2336 914 2395 in
958 2332 1347 2394 accusatorem.
1389 2335 1542 2393 Nam

274 2418 546 2478 Claudius
575 2419 814 2477 domum
843 2415 1139 2501 regreffUS‚
1170 2426 1227 2478 &
1264 2418 1539 2497 tempesti-

271 2503 353 2562 vis
379 2502 551 2583 epulis
579 2501 842 2561 delinitus
867 2550 882 2575 ‚
919 2502 1016 2560 ubi
1039 2502 1171 2560 vino
1199 2497 1540 2572 incaluisset,

273 2585 447 2647 sciti»
467 2584 624 2670 jubet
652 2587 1056 2669 ocnuntiarique
1092 2582 1347 2646 miserae»
1387 2584 1540 2664 (hoe
