1725 2983
317 101 792 184 AaNAth
838 120 1182 180 L113.X11.
1316 139 1389 196 71

111 224 325 288 ·tobore
350 221 640 304 legionum
663 217 887 278 sociales
910 220 1092 302 copias
1117 219 1358 279 ducebat
1377 267 1396 293 ,
1417 241 1612 278 Ξ

128 328 485 393 perrumpere
539 303 864 387 adgreditur
898 351 916 376 ‚
981 313 1039 363 δε
1094 304 1395 363 distributis
1419 297 1616 407 figi-C·

129 391 450 452 cohortibus
480 437 497 462 ,
547 410 755 447 turmas
820 409 1047 468 quoque
1073 434 1090 458 ‚
1139 388 1395 469 peditum
1458 424 1495 464 J,
1528 423 1578 462 C.

128 474 202 534 ad
228 475 421 532 munia
443 473 697 555 accingit.
736 473 900 530 Tunc
931 471 1063 529 dato
1091 468 1246 552 signo
1276 494 1402 553 per-
1485 500 1563 549 50.

130 556 386 639 fringunt
422 578 685 639 aggerem
714 601 730 626 ‚
776 552 991 634 suisque
1022 553 1259 613 claustris
1293 557 1404 613 im-

133 641 351 725 peditos
399 641 640 700 turbant.
714 637 904 719 Atque
947 637 1032 696 illi
1070 635 1408 697 conscientia

72 789 76 796 ,
135 723 456 785 rebellionis
483 771 500 796 ‚
552 731 611 783 &
652 719 892 804 obseptis
929 720 1188 804 effugiis,
1232 722 1411 780 multa

136 817 195 869 &
217 806 361 866 clara
389 804 637 865 facinora
656 803 855 865 fecere.
907 805 1036 880 Qua
1060 805 1245 888 pugna
1264 804 1409 865 filius

137 892 348 974 legati,
387 891 476 950 M.
503 890 792 963 Ostorius,
831 887 1030 949 serrati
1068 890 1201 949 civis
1242 888 1412 951 decus

138 975 363 1034 meruit.

221 1059 472 1116 XXXII.
536 1059 835 1116 CETERUM
895 1053 1052 1115 clade
1112 1058 1414 1117 Icenorum

141 1139 482 1223 compositi,
530 1141 629 1221 qui
675 1139 891 1198 bellum
934 1139 1080 1199 inter
1118 1147 1177 1199 &
1216 1163 1416 1223 pacem

144 1223 503 1300 dubitabant3
523 1233 581 1284 δε
599 1223 793 1283 ductus
810 1224 869 1281 in
884 1225 1110 1306 Cangos
1129 1225 1418 1285 exercitus·

146 1308 359 1369 Vastati
397 1307 559 1389 agri,
614 1306 805 1389 praedae
847 1306 1039 1389 passim
1089 1310 1252 1367 atstaez
1301 1332 1419 1368 non

146 1389 282 1451 aufis
323 1391 504 1450 aciem
547 1390 791 1450 hostibus
815 1437 833 1462 ,
880 1389 971 1450 vel
1014 1389 1053 1449 fi
1089 1413 1155 1450 ex
1195 1392 1420 1453 occulto

147 1497 369 1558 carpere
418 1497 626 1557 agmen
672 1494 989 1545 tentarent,
1033 1475 1230 1558 punito
1251 1476 1422 1536 dolo.

149 1560 279 1622 Jam
321 1579 554 1618 ventum
596 1558 747 1617 haud
798 1557 993 1641 procul
1039 1559 1220 1630 mari,
1266 1560 1424 1641 quod

151 1641 486 1701 Hiberniam
523 1640 761 1700 insulam
798 1641 1034 1723 aspectat
1063 1666 1080 1719 3
1126 1641 1257 1700 cum
1293 1665 1427 1703 ortae

153 1723 302 1806 apud
347 1724 631 1804 Brigantas
672 1723 956 1782 discordiae
1007 1745 1279 1784 retraxere
1325 1727 1427 1786 du-

156 1830 281 1866 cem
298 1853 315 1878 ,
337 1805 714 1865 destinationis
736 1829 981 1878 certum,
1003 1830 1072 1866 ne
1095 1831 1240 1867 nova
1260 1809 1427 1869 moli-

156 1911 336 1961 retur,
361 1888 460 1946 nifi
483 1890 757 1971 prioribus
780 1890 1029 1949 firmatis·
1051 1893 1119 1949 Et
1139 1892 1430 1974 Brigantes

155 1972 389 2054 quidem
414 2020 430 2045 ,
469 1973 692 2055 pauciS,
737 1975 835 2055 qui
877 1996 1031 2033 arma
1073 1975 1430 2057 coeptabant,

156 2055 494 2128 interfesti8‚
529 2057 589 2115 in
619 2057 862 2139 reliquos
891 2057 1020 2116 data
1049 2058 1211 2118 venia
1231 2106 1248 2131 ‚
1284 2060 1430 2121 rese—

160 2140 309 2200 d'ere.
344 2139 587 2199 Silurum
612 2164 745 2224 gens
763 2190 780 2214 ,
813 2162 927 2199 non
948 2143 1236 2202 atrocitate
1255 2190 1273 2216 ‚
1314 2168 1432 2204 non

161 2223 462 2283 clementia
491 2225 810 2284 mutabatur
827 2273 843 2297 ‚
873 2226 1011 2306 quin
1034 2225 1251 2285 bellum
1276 2248 1432 2289 exer-

165 2327 315 2366 ceret
349 2355 365 2379 2
411 2307 709 2390 *castrisque
772 2308 1065 2391 legionum
1121 2312 1433 2393 premenda

166 2388 329 2449 soret.
369 2389 434 2448 Id
456 2394 569 2472 quo
594 2391 903 2475 promptius
920 2393 1139 2453 'veniret
1161 2441 1177 2466 ‚
1212 2394 1434 2454 colonia

165 2473 632 2535 Camulodunum
650 2475 833 2535 valida
857 2497 1247 2536 veteranorum
1260 2501 1430 2538 manu

168 2555 461 2619 deducitur
501 2561 562 2621 in
596 2583 756 2648 agros
797 2561 1041 2646 captivos
1063 2608 1083 2637 ,
1125 2560 1432 2623 subsidium
