1725 2983
368 139 1205 199 ANNAL1UML113.XI.
1356 162 1418 216 33

155 237 332 302 &Jam
381 238 630 298 moribus
664 284 681 310 ,
738 239 944 297 artibus
972 275 1005 311 ‚·
1050 235 1428 297 adfinitatibus
1453 230 1671 297 ---------τ-·ὲἶ

159 323 398 381 »nostris
423 323 620 394 mixti,
663 344 860 380 aurum
896 331 953 382 δέ
987 345 1118 404 opes
1144 322 1258 380 suas
1291 318 1431 379 infe-

161 426 329 463 aerant
375 405 555 488 potitis
596 452 613 477 ,
675 406 846 485 quarn
895 404 1126 486 separati
1173 404 1429 463 habeant.

159 490 422 547 :oOmnia
452 537 468 560 ,
511 509 688 570 patres
738 487 1072 570 conscripti,
1122 510 1240 568 quae
1284 511 1431 546 nunc

160 572 556 630 novetustiffima
606 570 906 631 creduntur
948 619 964 643 ‚
1023 594 1170 629 nova
1225 567 1377 629 fuere
1419 597 1431 629 z

161 654 392 737 »plebei
417 655 762 736 magistratus
785 656 903 737 post
926 655 1182 737 patricios
1207 676 1223 728 3
1247 654 1436 712 Latini

161 740 326 820 :opost
349 737 629 820 plebeios3
654 760 965 798 ceterarum
987 737 1157 797 Italiae
1181 737 1436 818 gentium

162 849 199 885 σα
208 823 325 903 post
347 822 594 880 Latinos·
641 820 1011 882 Inveterascet
1040 823 1145 880 hoc
1174 842 1399 900 quoque
1425 845 1438 878 z

163 913 268 964 ³0&
302 905 457 985 quod
492 904 662 965 hodie
700 905 967 989 exemplis
993 925 1252 975 tuemur,
1293 904 1441 962 inter

163 988 468 1070 mexempla
502 990 681 1048 erit».

248 1073 442 1133 XXV.
506 1074 892 1142 ORATIONEM
938 1070 1206 1153 Principis
1253 1068 1441 1130 secuto

166 1176 387 1238 patrum
414 1154 666 1214 consulto
688 1204 703 1228 ‚
740 1156 909 1238 primi
932 1155 1099 1215 AEdui
1124 1153 1445 1214 senatorum

166 1240 227 1296 in
255 1238 413 1298 Urbe
436 1246 519 1320 jus
540 1239 730 1321 adepti
752 1238 876 1298 sunt
901 1264 912 1296 :
937 1238 1133 1298 datum
1161 1238 1219 1296 id
1242 1236 1447 1297 foederi

165 1322 398 1402 antiquo
423 1370 439 1394 ‚
484 1331 542 1382 δε
571 1324 702 1404 quia
738 1321 839 1381 soli
863 1322 1159 1381 Gallorum
1191 1319 1447 1380 fraterni-

167 1405 294 1464 tatis
330 1429 545 1465 nomen
582 1429 711 1465 cum
754 1406 962 1490 populo
1003 1408 1268 1466 Romano
1298 1403 1446 1463 usur-

124 1555 128 1557 *
165 1509 316 1572 pant.
341 1488 550 1549 Iisdem
567 1489 763 1549 diebus
783 1492 842 1549 in
863 1513 1164 1549 numerum
1187 1490 1448 1572 patricio-

167 1595 293 1631 rum
322 1571 551 1633 adscivit
576 1572 758 1633 Caesar
788 1573 1209 1634 vetustiffimum
1249 1596 1448 1653 quem-

168 1679 279 1735 que
318 1679 347 1715 e
391 1656 581 1716 senatu
607 1704 622 1728 ‚
671 1677 765 1716 aut
804 1658 1004 1737 quibus
1035 1656 1167 1714 clari
1194 1678 1450 1736 parentes

172 1737 391 1796 fuerant
414 1763 426 1795 :
465 1740 648 1820 paucis
673 1747 786 1817 jam
812 1739 1040 1819 reliquis
1062 1736 1409 1809 familiarum
1429 1787 1448 1810 ,

171 1844 305 1902 quas
352 1820 630 1879 Romulus
675 1825 935 1898 majorum
965 1869 982 1893 ,
1040 1830 1097 1880 &
1143 1824 1213 1880 L.
1248 1824 1450 1880 Brutus

170 1910 432 1961 minorum
447 1911 689 1986 gentium
708 1904 1121 1986 appellaverant
1141 1927 1157 1981 3
1182 1905 1452 1963 exhaustis

173 1989 345 2048 etiam
374 2034 390 2059 ‚
426 2010 561 2068 quas
598 1987 836 2046 dictator
856 1986 1038 2047 Caesar
1069 1987 1193 2069 lege
1225 1987 1406 2046 Cassia
1433 2036 1452 2060 ,

172 2079 231 2131 &
246 2071 505 2153 Princeps
523 2071 799 2154 Augustus
817 2071 939 2154 lege
959 2070 1131 2130 Saenifi
1145 2069 1451 2153 sublegere.

171 2157 434 2235 Laetaque
481 2155 592 2213 haec
638 2156 698 2212 in
749 2155 1160 2238 rempubiicam
1209 2156 1402 2212 munia
1433 2202 1451 2227 ‚

173 2236 357 2297 multo
381 2237 586 2320 gaudio
610 2236 848 2298 censoris
869 2238 1171 2297 inibantur.
1192 2236 1452 2296 Famosos

174 2320 388 2402 probris
419 2345 669 2402 quonam
702 2323 878 2381 modo
917 2320 1108 2381 senatu
1144 2321 1454 2403 depellerer

127 2445 134 2449 -
174 2404 363 2462 anxius
385 2452 402 2476 ,
444 2405 647 2464 mitem
667 2414 723 2465 ὃς
741 2410 928 2467 recens
953 2425 1251 2488 repertam,
1278 2404 1451 2484 quam

178 2508 243 2545 ex
271 2485 558 2548 severitate
592 2488 763 2572 prisca
788 2540 803 2564 ‚
848 2490 1126 2549 rationem
1156 2487 1410 2546 adhibuit
1437 2510 1454 2544 ε

178 2571 469 2632 monendo
490 2620 510 2648 ,
547 2571 784 2634 «secum
810 2573 1040 2658 quisque
1065 2573 1134 2631 de
1159 2570 1211 2627 se
1237 2567 1466 2628 constil-

1150 2655 1274 2722 ΒΥ,

1452 319 1501 357 A·
1522 319 1572 356 U·
1593 317 1647 370 CO

1500 387 1608 429 801.

1491 462 1525 500 J.
1558 461 1610 500 C.

1513 528 1595 583 48-
