1659 2917
272 123 387 195 136
450 114 521 178 C.
568 112 1013 178 CoRNErn
1058 116 1360 181 TAcrri

47 237 238 277 ΞΞΞ
264 221 450 277 austus
473 219 550 277 est
567 265 584 290 ‚
607 218 805 280 oblatis
828 220 888 278 in
911 218 1148 303 singulos
1172 244 1343 280 annos
1363 219 1531 302 quin:

44 295 97 338 Α·
117 299 168 339 U.
188 300 237 340 C·
266 301 421 384 genis
461 299 709 361 sestertiis
733 350 748 374 ‚
792 303 992 384 quibus
1025 302 1259 363 Meffala
1295 327 1530 387 pauper-

87 372 197 419 811.

80 454 118 499 J.
149 455 200 496 C.

97 531 178 585 58·

266 406 441 446 tatem
463 385 748 445 innoxiam
772 385 1108 446 sustentaret.
1137 387 1368 447 Aurelio
1389 411 1531 468 quo-

263 491 372 551 que
393 470 577 528 Cottae
591 517 608 542 ,
632 477 688 529 δε
708 471 938 528 Haterio
954 470 1268 543 Antonino,
1285 495 1529 530 annuam

261 552 559 635 pecuniam
595 554 776 611 statuit
806 553 1098 635 Princep3,
1139 555 1392 634 quamvis
1432 576 1530 636 per

258 637 455 695 luxum
481 636 649 695 avitas
678 659 809 718 opes
840 635 1184 718 diffipaffent.
1239 640 1365 718 Ejus
1398 637 1532 695 anni

261 720 537 803 principio
559 769 575 792 ,
613 719 876 778 mollibus
901 721 1080 779 adhuc
1103 720 1275 779 initiis
1297 719 1534 802 prolata-

261 824 386 864 tum
414 804 558 863 inter
589 805 817 861 Parthos
845 802 1241 877 Romanosque
1276 806 1346 863 de
1383 803 1533 862 obti-

262 884 448 947 nenda
469 885 741 945 Armenia
763 885 976 945 bellum
996 935 1013 959 ,
1049 879 1243 945 acriter
1265 886 1532 945 sumiturz

262 970 397 1052 quia
425 992 527 1028 nec
549 968 857 1051 Vologeses
887 970 1096 1029 finebat
1127 968 1357 1029 fratrem
1383 971 1532 1029 Tiri-

265 1054 435 1112 daten
461 1053 577 1110 dati
601 1076 631 1110 a
654 1050 708 1110 se
741 1054 899 1133 regni
933 1075 1215 1135 expertem
1246 1052 1351 1112 effe
1379 1101 1396 1126 ‚
1440 1072 1534 1112 aut

263 1136 455 1196 alienae
495 1135 557 1194 id
607 1136 868 1217 potentiae
913 1135 1130 1195 don-um
1175 1136 1378 1196 habere
1415 1161 1427 1193 ε
1477 1145 1535 1196 &-

261 1216 518 1279 Corbulo
589 1219 829 1301 dignum
886 1219 1278 1302 magnitudine
1342 1218 1535 1302 populi

262 1302 515 1362 Romani
555 1302 777 1362 rebatur
805 1350 821 1375 ,
869 1325 1023 1384 parta
1057 1303 1198 1362 olim
1233 1327 1263 1362 a
1299 1302 1536 1362 Lucullo

262 1386 648 1468 Pompeioque
684 1386 945 1468 recipere.
1007 1385 1103 1445 Ad
1137 1388 1249 1445 haec
1275 1386 1539 1446 Armenii

261 1468 530 1552 ambigua
567 1468 679 1527 fide
722 1490 953 1549 utraque
991 1491 1147 1528 arma
1185 1470 1496 1528 invitabant
1519 1516 1537 1541 ‚

263 1553 368 1612 fi-tu
400 1574 671 1612 terrarum
695 1600 712 1625 ‚
757 1551 1120 1612 similitudine
1150 1574 1376 1611 morum
1404 1555 1536 1611 Par-

266 1637 377 1696 this
403 1637 685 1719 propiores
707 1682 725 1708 ,-
761 1634 1122 1716 conubiisque
1146 1636 1406 1719 permixti
1429 1683 1445 1707 ‚
1476 1659 1538 1694 ac

262 1719 520 1780 libertate
544 1720 767 1802 ignota,
792 1718 923 1778 illuc
947 1720 1123 1802 magis
1149 1719 1220 1778 ad
1248 1717 1539 1780 servitium

264 1802 617 1863 inclinante&

345 1889 598 1947 XXXV.
629 1888 737 1945 SED
767 1884 1083 1944 Corbuloni
1105 1884 1226 1968 plus
1250 1883 1415 1942 molis
1443 1883 1538 1941 ad-

265 1969 450 2030 versus
490 1970 774 2051 ignaviam
813 1969 1059 2028 militum
1085 2016 1102 2041 ,
1148 1968 1319 2048 quam
1348 1987 1540 2025 contra

263 2053 560 2137 perfidiam
614 2052 855 2111 hostium
908 2073 1039 2112 erat.
1111 2052 1336 2132 Quippe
1391 2047 1542 2126 Syria

266 2135 581 2213 transmotae
605 2134 854 2218 legiones
876 2183 892 2208 ‚
939 2157 1071 2219 pace
1103 2133 1270 2217 longa
1301 2131 1493 2213 segnes
1520 2177 1540 2203 ,

262 2222 459 2280 munia
478 2222 870 2279 Romanorum
893 2218 1174 2302 aegerrime
1205 2215 1535 2276 tolerabant.

268 2304 406 2364 Satis
439 2303 687 2363 constitit.
703 2301 862 2363 fuiffe
885 2304 946 2361 in
968 2326 1036 2362 eo
1060 2302 1306 2362 exercitu
1326 2319 1540 2358 vetera-

266 2410 369 2446 nos
394 2435 411 2459 ‚
459 2388 556 2467 qui
607 2411 721 2446 non
775 2387 1075 2446 stationem
1103 2434 1119 2458 ‚
1149 2407 1264 2443 non
1314 2381 1537 2464 vigilias

264 2467 523 2546 iniffent3
564 2470 777 2529 vallum
809 2467 1119 2551 fossamque
1141 2466 1295 2549 quasi,
1313 2488 1458 2524 nova
1480 2471 1539 2524 &

262 2554 406 2616 mira
441 2550 713 2616 viserent:
754 2553 868 2616 fine
901 2553 1070 2638 galeis
1096 2600 1114 2627 ‚
1153 2550 1265 2612 fine
1308 2547 1493 2609 loricis
1513 2592 1539 2630 ἓ
