<?xml version="1.0" encoding="UTF-8"?>
<!DOCTYPE html PUBLIC "-//W3C//DTD XHTML 1.0 Transitional//EN"
    "http://www.w3.org/TR/xhtml1/DTD/xhtml1-transitional.dtd">
<html xmlns="http://www.w3.org/1999/xhtml" xml:lang="en" lang="en">
 <head>
  <title>
</title>
<meta http-equiv="Content-Type" content="text/html;charset=utf-8" />
  <meta name='ocr-system' content='tesseract 3.04.00' />
  <meta name='ocr-capabilities' content='ocr_page ocr_carea ocr_par ocr_line ocrx_word'/>
</head>
<body>
  <div class='ocr_page' id='page_1' title='image "./ccorneliitacitio03taci_0204.png"; bbox 0 0 1659 2917; ppageno 0'>
   <div class='ocr_carea' id='block_1_1' title="bbox 1603 0 1659 52">
    <p class='ocr_par' dir='ltr' id='par_1_1' title="bbox 1603 0 1659 52">
     <span class='ocr_line' id='line_1_1' title="bbox 1603 0 1659 52; baseline -0.018 -19"><span class='ocrx_word' id='word_1_1' title='bbox 1603 0 1659 52; x_wconf 54' lang='grc' dir='ltr'>Ἤ</span> 
     </span>
    </p>
   </div>
   <div class='ocr_carea' id='block_1_2' title="bbox 1626 76 1650 109">
    <p class='ocr_par' dir='ltr' id='par_1_2' title="bbox 1626 76 1650 109">
     <span class='ocr_line' id='line_1_2' title="bbox 1626 76 1650 109; baseline 0 0"><span class='ocrx_word' id='word_1_2' title='bbox 1626 76 1650 109; x_wconf 71' lang='grc' dir='ltr'>ξ’</span> 
     </span>
    </p>
   </div>
   <div class='ocr_carea' id='block_1_3' title="bbox 90 146 1646 332">
    <p class='ocr_par' dir='ltr' id='par_1_3' title="bbox 90 146 1646 332">
     <span class='ocr_line' id='line_1_3' title="bbox 310 146 1405 226; baseline -0.001 -18"><span class='ocrx_word' id='word_1_3' title='bbox 310 170 423 226; x_wconf 85' lang='lat'>194</span> <span class='ocrx_word' id='word_1_4' title='bbox 494 146 1053 207; x_wconf 64' lang='lat' dir='ltr'>C.‘C0RN&#39;E1.11</span> <span class='ocrx_word' id='word_1_5' title='bbox 1102 150 1405 207; x_wconf 78' lang='lat' dir='ltr'>TAc1rr</span> 
     </span>
     <span class='ocr_line' id='line_1_4' title="bbox 90 243 1646 332; baseline -0.004 -21"><span class='ocrx_word' id='word_1_6' title='bbox 90 276 281 300; x_wconf 50' lang='grc' dir='ltr'><strong><em>π</em></strong></span> <span class='ocrx_word' id='word_1_7' title='bbox 301 249 498 332; x_wconf 85' lang='lat' dir='ltr'>biguus</span> <span class='ocrx_word' id='word_1_8' title='bbox 519 296 535 320; x_wconf 83' lang='lat'>,</span> <span class='ocrx_word' id='word_1_9' title='bbox 577 271 647 306; x_wconf 89' lang='lat' dir='ltr'>an</span> <span class='ocrx_word' id='word_1_10' title='bbox 673 246 830 305; x_wconf 88' lang='lat' dir='ltr'>illam</span> <span class='ocrx_word' id='word_1_11' title='bbox 861 243 1052 305; x_wconf 88' lang='lat' dir='ltr'>sedem</span> <span class='ocrx_word' id='word_1_12' title='bbox 1081 246 1233 305; x_wconf 88' lang='lat' dir='ltr'>bello</span> <span class='ocrx_word' id='word_1_13' title='bbox 1261 247 1578 331; x_wconf 81' lang='lat' dir='ltr'>deligeret‚&#39;</span> <span class='ocrx_word' id='word_1_14' title='bbox 1608 262 1646 314; x_wconf 56' lang='grc' dir='ltr'>’ς</span> 
     </span>
    </p>
   </div>
   <div class='ocr_carea' id='block_1_4' title="bbox 90 327 1659 2663">
    <p class='ocr_par' dir='ltr' id='par_1_4' title="bbox 90 327 1643 660">
     <span class='ocr_line' id='line_1_5' title="bbox 90 327 1576 412; baseline -0.001 -21"><span class='ocrx_word' id='word_1_15' title='bbox 90 330 139 370; x_wconf 75' lang='lat' dir='ltr'>A,</span> <span class='ocrx_word' id='word_1_16' title='bbox 162 334 209 370; x_wconf 78' lang='lat' dir='ltr'>U·</span> <span class='ocrx_word' id='word_1_17' title='bbox 233 333 280 375; x_wconf 86' lang='lat' dir='ltr'>C.</span> <span class='ocrx_word' id='word_1_18' title='bbox 302 329 696 412; x_wconf 63' lang='lat' dir='ltr'>circumspecta</span> <span class='ocrx_word' id='word_1_19' title='bbox 729 327 1108 410; x_wconf 65' lang='lat' dir='ltr'>infrequentia</span> <span class='ocrx_word' id='word_1_20' title='bbox 1145 330 1339 390; x_wconf 87' lang='lat' dir='ltr'>militis</span> <span class='ocrx_word' id='word_1_21' title='bbox 1363 379 1379 402; x_wconf 86' lang='lat'>‚</span> <span class='ocrx_word' id='word_1_22' title='bbox 1424 330 1576 390; x_wconf 80' lang='lat' dir='ltr'>satis-</span> 
     </span>
     <span class='ocr_line' id='line_1_6' title="bbox 133 402 1626 497; baseline -0.001 -22"><span class='ocrx_word' id='word_1_23' title='bbox 133 402 242 450; x_wconf 76' lang='lat'><strong>8¹4·</strong></span> <span class='ocrx_word' id='word_1_24' title='bbox 300 439 409 497; x_wconf 86' lang='lat' dir='ltr'>que</span> <span class='ocrx_word' id='word_1_25' title='bbox 477 414 695 497; x_wconf 81' lang='lat' dir='ltr'>magnis</span> <span class='ocrx_word' id='word_1_26' title='bbox 764 412 1119 472; x_wconf 79' lang='lat' dir='ltr'>documentis</span> <span class='ocrx_word' id='word_1_27' title='bbox 1191 416 1574 475; x_wconf 78' lang='lat' dir='ltr'>temeritatem</span> <span class='ocrx_word' id='word_1_28' title='bbox 1612 410 1626 424; x_wconf 54' lang='lat'>³</span> 
     </span>
     <span class='ocr_line' id='line_1_7' title="bbox 123 478 1574 589; baseline -0.003 -29"><span class='ocrx_word' id='word_1_29' title='bbox 123 478 248 589; x_wconf 41' lang='grc' dir='ltr'>’ἐξ</span> <span class='ocrx_word' id='word_1_30' title='bbox 297 498 482 559; x_wconf 85' lang='lat' dir='ltr'>Petilii</span> <span class='ocrx_word' id='word_1_31' title='bbox 525 497 825 557; x_wconf 82' lang='lat' dir='ltr'>coercitam</span> <span class='ocrx_word' id='word_1_32' title='bbox 853 543 868 567; x_wconf 86' lang='lat'>‚</span> <span class='ocrx_word' id='word_1_33' title='bbox 921 497 1082 555; x_wconf 89' lang='lat' dir='ltr'>unius</span> <span class='ocrx_word' id='word_1_34' title='bbox 1125 498 1331 578; x_wconf 53' lang='lat' dir='ltr'>oppidi</span> <span class='ocrx_word' id='word_1_35' title='bbox 1360 498 1574 557; x_wconf 88' lang='lat' dir='ltr'>damno</span> 
     </span>
     <span class='ocr_line' id='line_1_8' title="bbox 138 573 1574 660; baseline -0.001 -16"><span class='ocrx_word' id='word_1_36' title='bbox 138 596 143 599; x_wconf 71' lang='grc'><em>’</em></span> <span class='ocrx_word' id='word_1_37' title='bbox 213 573 228 594; x_wconf 80' lang='grc'>’</span> <span class='ocrx_word' id='word_1_38' title='bbox 293 582 508 644; x_wconf 87' lang='lat' dir='ltr'>servare</span> <span class='ocrx_word' id='word_1_39' title='bbox 553 579 805 641; x_wconf 88' lang='lat' dir='ltr'>universa</span> <span class='ocrx_word' id='word_1_40' title='bbox 847 581 1046 638; x_wconf 88' lang='lat' dir='ltr'>statuit.</span> <span class='ocrx_word' id='word_1_41' title='bbox 1099 581 1300 660; x_wconf 89' lang='lat' dir='ltr'>Neque</span> <span class='ocrx_word' id='word_1_42' title='bbox 1342 581 1475 642; x_wconf 87' lang='lat' dir='ltr'>fletu</span> <span class='ocrx_word' id='word_1_43' title='bbox 1515 590 1574 643; x_wconf 87' lang='lat'>&amp;</span> 
     </span>
    </p>

    <p class='ocr_par' dir='ltr' id='par_1_5' title="bbox 260 658 1659 1666">
     <span class='ocr_line' id='line_1_9' title="bbox 292 663 1573 745; baseline -0.002 -19"><span class='ocrx_word' id='word_1_44' title='bbox 292 666 539 727; x_wconf 80' lang='lat' dir='ltr'>lacrimis</span> <span class='ocrx_word' id='word_1_45' title='bbox 558 664 827 726; x_wconf 86' lang='lat' dir='ltr'>auxilium</span> <span class='ocrx_word' id='word_1_46' title='bbox 842 670 956 745; x_wconf 90' lang='lat' dir='ltr'>ejus</span> <span class='ocrx_word' id='word_1_47' title='bbox 976 663 1260 722; x_wconf 88' lang='lat' dir='ltr'>orantium</span> <span class='ocrx_word' id='word_1_48' title='bbox 1278 664 1446 725; x_wconf 86' lang='lat' dir='ltr'>flexus</span> <span class='ocrx_word' id='word_1_49' title='bbox 1468 668 1573 739; x_wconf 88' lang='lat' dir='ltr'>est,</span> 
     </span>
     <span class='ocr_line' id='line_1_10' title="bbox 288 739 1659 835; baseline -0.002 -24"><span class='ocrx_word' id='word_1_50' title='bbox 288 753 431 835; x_wconf 86' lang='lat' dir='ltr'>quin</span> <span class='ocrx_word' id='word_1_51' title='bbox 454 750 610 810; x_wconf 90' lang='lat' dir='ltr'>daret</span> <span class='ocrx_word' id='word_1_52' title='bbox 635 746 993 831; x_wconf 62' lang='lat' dir='ltr'>profectionis</span> <span class='ocrx_word' id='word_1_53' title='bbox 1023 746 1240 829; x_wconf 76' lang='lat' dir='ltr'>{ignum</span> <span class='ocrx_word' id='word_1_54' title='bbox 1259 795 1276 820; x_wconf 89' lang='lat'>,</span> <span class='ocrx_word' id='word_1_55' title='bbox 1308 757 1366 808; x_wconf 72' lang='grc' dir='ltr'>δε</span> <span class='ocrx_word' id='word_1_56' title='bbox 1390 750 1573 808; x_wconf 86' lang='lat' dir='ltr'>comi-</span> <span class='ocrx_word' id='word_1_57' title='bbox 1658 739 1659 749; x_wconf 11' lang='grc' dir='ltr'>ἵ</span> 
     </span>
     <span class='ocr_line' id='line_1_11' title="bbox 293 832 1572 915; baseline -0.002 -20"><span class='ocrx_word' id='word_1_58' title='bbox 293 855 473 895; x_wconf 87' lang='lat' dir='ltr'>tantes</span> <span class='ocrx_word' id='word_1_59' title='bbox 515 835 575 891; x_wconf 90' lang='lat' dir='ltr'>in</span> <span class='ocrx_word' id='word_1_60' title='bbox 617 853 833 915; x_wconf 87' lang='lat' dir='ltr'>partem</span> <span class='ocrx_word' id='word_1_61' title='bbox 875 832 1115 915; x_wconf 86' lang='lat' dir='ltr'>agminis</span> <span class='ocrx_word' id='word_1_62' title='bbox 1158 833 1446 913; x_wconf 86' lang='lat' dir='ltr'>acciperet.</span> <span class='ocrx_word' id='word_1_63' title='bbox 1515 834 1572 892; x_wconf 89' lang='lat' dir='ltr'>Si</span> 
     </span>
     <span class='ocr_line' id='line_1_12' title="bbox 260 912 1572 1000; baseline -0.001 -23"><span class='ocrx_word' id='word_1_64' title='bbox 260 921 267 924; x_wconf 63' lang='grc'><strong>”</strong></span> <span class='ocrx_word' id='word_1_65' title='bbox 295 941 437 1000; x_wconf 88' lang='lat' dir='ltr'>quos</span> <span class='ocrx_word' id='word_1_66' title='bbox 479 916 725 975; x_wconf 87' lang='lat' dir='ltr'>imbellis</span> <span class='ocrx_word' id='word_1_67' title='bbox 766 914 918 974; x_wconf 83' lang='lat' dir='ltr'>sexus</span> <span class='ocrx_word' id='word_1_68' title='bbox 938 964 956 988; x_wconf 83' lang='lat'><strong>,</strong></span> <span class='ocrx_word' id='word_1_69' title='bbox 1000 936 1094 974; x_wconf 89' lang='lat' dir='ltr'>aut</span> <span class='ocrx_word' id='word_1_70' title='bbox 1122 912 1255 974; x_wconf 84' lang='lat' dir='ltr'>feffa</span> <span class='ocrx_word' id='word_1_71' title='bbox 1284 937 1408 974; x_wconf 83' lang='lat' dir='ltr'>aetas</span> <span class='ocrx_word' id='word_1_72' title='bbox 1428 964 1445 988; x_wconf 83' lang='lat'>‚</span> <span class='ocrx_word' id='word_1_73' title='bbox 1481 917 1572 976; x_wconf 85' lang='lat' dir='ltr'>vel</span> 
     </span>
     <span class='ocr_line' id='line_1_13' title="bbox 291 998 1572 1082; baseline -0.002 -22"><span class='ocrx_word' id='word_1_74' title='bbox 291 1002 405 1060; x_wconf 91' lang='lat' dir='ltr'>loci</span> <span class='ocrx_word' id='word_1_75' title='bbox 428 999 673 1059; x_wconf 85' lang='lat' dir='ltr'>dulcedo</span> <span class='ocrx_word' id='word_1_76' title='bbox 695 999 996 1058; x_wconf 81' lang='lat' dir='ltr'>attinuerat</span> <span class='ocrx_word' id='word_1_77' title='bbox 1014 1046 1031 1070; x_wconf 86' lang='grc'>,</span> <span class='ocrx_word' id='word_1_78' title='bbox 1067 998 1137 1057; x_wconf 87' lang='lat' dir='ltr'>ab</span> <span class='ocrx_word' id='word_1_79' title='bbox 1165 1000 1314 1059; x_wconf 91' lang='lat' dir='ltr'>hoste</span> <span class='ocrx_word' id='word_1_80' title='bbox 1338 1000 1572 1082; x_wconf 85' lang='lat' dir='ltr'>oppreffi</span> 
     </span>
     <span class='ocr_line' id='line_1_14' title="bbox 291 1081 1611 1162; baseline -0.001 -19"><span class='ocrx_word' id='word_1_81' title='bbox 291 1083 434 1143; x_wconf 84' lang='lat' dir='ltr'>sunt.</span> <span class='ocrx_word' id='word_1_82' title='bbox 460 1083 672 1142; x_wconf 87' lang='lat' dir='ltr'>Eadem</span> <span class='ocrx_word' id='word_1_83' title='bbox 695 1081 877 1140; x_wconf 82' lang='lat' dir='ltr'>clades</span> <span class='ocrx_word' id='word_1_84' title='bbox 907 1082 1215 1162; x_wconf 88' lang='lat' dir='ltr'>municipio</span> <span class='ocrx_word' id='word_1_85' title='bbox 1237 1083 1570 1143; x_wconf 83' lang='lat' dir='ltr'>Verulamio</span> <span class='ocrx_word' id='word_1_86' title='bbox 1605 1097 1611 1102; x_wconf 82' lang='grc'><em>“</em></span> 
     </span>
     <span class='ocr_line' id='line_1_15' title="bbox 293 1164 1620 1248; baseline -0.004 -20"><span class='ocrx_word' id='word_1_87' title='bbox 293 1167 442 1243; x_wconf 77' lang='lat' dir='ltr'>fuit3</span> <span class='ocrx_word' id='word_1_88' title='bbox 484 1167 615 1248; x_wconf 90' lang='lat' dir='ltr'>quia</span> <span class='ocrx_word' id='word_1_89' title='bbox 647 1165 868 1224; x_wconf 88' lang='lat' dir='ltr'>barbari</span> <span class='ocrx_word' id='word_1_90' title='bbox 890 1212 907 1236; x_wconf 84' lang='lat'>‚</span> <span class='ocrx_word' id='word_1_91' title='bbox 944 1164 1147 1223; x_wconf 85' lang='lat' dir='ltr'>omissis</span> <span class='ocrx_word' id='word_1_92' title='bbox 1178 1166 1405 1225; x_wconf 86' lang='lat' dir='ltr'>castellis</span> <span class='ocrx_word' id='word_1_93' title='bbox 1432 1188 1572 1248; x_wconf 85' lang='lat' dir='ltr'>prae-</span> <span class='ocrx_word' id='word_1_94' title='bbox 1612 1171 1620 1232; x_wconf 37' lang='lat'>⁴,</span> 
     </span>
     <span class='ocr_line' id='line_1_16' title="bbox 294 1248 1569 1331; baseline -0.003 -20"><span class='ocrx_word' id='word_1_95' title='bbox 294 1249 554 1331; x_wconf 86' lang='lat' dir='ltr'>fidiisque</span> <span class='ocrx_word' id='word_1_96' title='bbox 600 1248 931 1308; x_wconf 88' lang='lat' dir='ltr'>militarium</span> <span class='ocrx_word' id='word_1_97' title='bbox 959 1296 976 1321; x_wconf 85' lang='lat'>,</span> <span class='ocrx_word' id='word_1_98' title='bbox 1022 1248 1177 1329; x_wconf 90' lang='lat' dir='ltr'>quod</span> <span class='ocrx_word' id='word_1_99' title='bbox 1219 1248 1569 1309; x_wconf 87' lang='lat' dir='ltr'>uberrimum</span> 
     </span>
     <span class='ocr_line' id='line_1_17' title="bbox 291 1330 1571 1419; baseline -0.003 -23"><span class='ocrx_word' id='word_1_100' title='bbox 291 1334 584 1419; x_wconf 76' lang='lat' dir='ltr'>spolianti,</span> <span class='ocrx_word' id='word_1_101' title='bbox 608 1341 665 1393; x_wconf 88' lang='lat'>&amp;</span> <span class='ocrx_word' id='word_1_102' title='bbox 689 1330 1125 1392; x_wconf 86' lang='lat' dir='ltr'>defendentibus</span> <span class='ocrx_word' id='word_1_103' title='bbox 1149 1333 1400 1392; x_wconf 88' lang='lat' dir='ltr'>intutum</span> <span class='ocrx_word' id='word_1_104' title='bbox 1418 1381 1434 1405; x_wconf 86' lang='lat'><strong>,</strong></span> <span class='ocrx_word' id='word_1_105' title='bbox 1459 1333 1571 1392; x_wconf 86' lang='lat' dir='ltr'>laeti</span> 
     </span>
     <span class='ocr_line' id='line_1_18' title="bbox 293 1413 1569 1500; baseline -0.001 -23"><span class='ocrx_word' id='word_1_106' title='bbox 293 1418 510 1500; x_wconf 66' lang='lat' dir='ltr'>praeda,</span> <span class='ocrx_word' id='word_1_107' title='bbox 548 1426 605 1477; x_wconf 61' lang='grc' dir='ltr'>δέ</span> <span class='ocrx_word' id='word_1_108' title='bbox 638 1415 878 1475; x_wconf 89' lang='lat' dir='ltr'>aliorum</span> <span class='ocrx_word' id='word_1_109' title='bbox 915 1413 1108 1497; x_wconf 80' lang='lat' dir='ltr'>segnes</span> <span class='ocrx_word' id='word_1_110' title='bbox 1149 1416 1431 1496; x_wconf 88' lang='lat' dir='ltr'>petebant.</span> <span class='ocrx_word' id='word_1_111' title='bbox 1472 1416 1569 1476; x_wconf 88' lang='lat' dir='ltr'>Ad</span> 
     </span>
     <span class='ocr_line' id='line_1_19' title="bbox 291 1497 1608 1583; baseline -0.002 -22"><span class='ocrx_word' id='word_1_112' title='bbox 291 1500 640 1583; x_wconf 81' lang='lat' dir='ltr'>septuaginta</span> <span class='ocrx_word' id='word_1_113' title='bbox 659 1499 837 1558; x_wconf 90' lang='lat' dir='ltr'>millia</span> <span class='ocrx_word' id='word_1_114' title='bbox 859 1498 1066 1557; x_wconf 88' lang='lat' dir='ltr'>civium</span> <span class='ocrx_word' id='word_1_115' title='bbox 1087 1506 1142 1556; x_wconf 62' lang='grc' dir='ltr'>ὃ(</span> <span class='ocrx_word' id='word_1_116' title='bbox 1162 1497 1439 1557; x_wconf 90' lang='lat' dir='ltr'>sociorum</span> <span class='ocrx_word' id='word_1_117' title='bbox 1458 1546 1474 1570; x_wconf 86' lang='lat'>‚</span> <span class='ocrx_word' id='word_1_118' title='bbox 1502 1501 1569 1559; x_wconf 87' lang='lat' dir='ltr'>iis</span> <span class='ocrx_word' id='word_1_119' title='bbox 1605 1497 1608 1504; x_wconf 48' lang='lat'>¹</span> 
     </span>
     <span class='ocr_line' id='line_1_20' title="bbox 292 1579 1571 1666; baseline -0.002 -22"><span class='ocrx_word' id='word_1_120' title='bbox 292 1608 414 1666; x_wconf 83' lang='lat' dir='ltr'>quae</span> <span class='ocrx_word' id='word_1_121' title='bbox 456 1583 768 1643; x_wconf 87' lang='lat' dir='ltr'>memoravi</span> <span class='ocrx_word' id='word_1_122' title='bbox 801 1581 933 1639; x_wconf 88' lang='lat' dir='ltr'>locis</span> <span class='ocrx_word' id='word_1_123' title='bbox 955 1628 971 1652; x_wconf 83' lang='lat'>,</span> <span class='ocrx_word' id='word_1_124' title='bbox 1015 1579 1269 1640; x_wconf 83' lang='lat' dir='ltr'>cecidisse</span> <span class='ocrx_word' id='word_1_125' title='bbox 1307 1583 1571 1643; x_wconf 90' lang='lat' dir='ltr'>constitit.</span> 
     </span>
    </p>

    <p class='ocr_par' dir='ltr' id='par_1_6' title="bbox 293 1666 1568 1749">
     <span class='ocr_line' id='line_1_21' title="bbox 293 1666 1568 1749; baseline -0.002 -21"><span class='ocrx_word' id='word_1_126' title='bbox 293 1670 496 1749; x_wconf 89' lang='lat' dir='ltr'>Neque</span> <span class='ocrx_word' id='word_1_127' title='bbox 542 1667 696 1726; x_wconf 89' lang='lat' dir='ltr'>enim</span> <span class='ocrx_word' id='word_1_128' title='bbox 743 1687 981 1746; x_wconf 84' lang='lat' dir='ltr'>capere,</span> <span class='ocrx_word' id='word_1_129' title='bbox 1030 1684 1123 1722; x_wconf 87' lang='lat' dir='ltr'>aut</span> <span class='ocrx_word' id='word_1_130' title='bbox 1174 1666 1519 1725; x_wconf 89' lang='lat' dir='ltr'>venumdare</span> <span class='ocrx_word' id='word_1_131' title='bbox 1548 1712 1568 1738; x_wconf 90' lang='lat'>‚</span> 
     </span>
    </p>

    <p class='ocr_par' dir='ltr' id='par_1_7' title="bbox 289 1748 1567 1832">
     <span class='ocr_line' id='line_1_22' title="bbox 289 1748 1567 1832; baseline -0.004 -20"><span class='ocrx_word' id='word_1_132' title='bbox 289 1751 513 1812; x_wconf 88' lang='lat' dir='ltr'>aliudve</span> <span class='ocrx_word' id='word_1_133' title='bbox 559 1749 715 1832; x_wconf 88' lang='lat' dir='ltr'>quod</span> <span class='ocrx_word' id='word_1_134' title='bbox 763 1748 898 1807; x_wconf 82' lang='lat' dir='ltr'>belli</span> <span class='ocrx_word' id='word_1_135' title='bbox 951 1749 1359 1807; x_wconf 87' lang='lat' dir='ltr'>commercium</span> <span class='ocrx_word' id='word_1_136' title='bbox 1395 1798 1412 1823; x_wconf 84' lang='lat'>‚</span> <span class='ocrx_word' id='word_1_137' title='bbox 1470 1748 1567 1808; x_wconf 88' lang='lat' dir='ltr'>sed</span> 
     </span>
    </p>

    <p class='ocr_par' dir='ltr' id='par_1_8' title="bbox 290 1831 1611 2078">
     <span class='ocr_line' id='line_1_23' title="bbox 290 1831 1568 1916; baseline -0.005 -20"><span class='ocrx_word' id='word_1_138' title='bbox 290 1834 464 1896; x_wconf 85' lang='lat' dir='ltr'>caedes</span> <span class='ocrx_word' id='word_1_139' title='bbox 495 1881 511 1906; x_wconf 86' lang='lat'>‚</span> <span class='ocrx_word' id='word_1_140' title='bbox 558 1831 805 1916; x_wconf 87' lang='lat' dir='ltr'>patibula</span> <span class='ocrx_word' id='word_1_141' title='bbox 829 1880 845 1902; x_wconf 87' lang='lat'>‚</span> <span class='ocrx_word' id='word_1_142' title='bbox 893 1831 1049 1914; x_wconf 87' lang='lat' dir='ltr'>ignes</span> <span class='ocrx_word' id='word_1_143' title='bbox 1076 1878 1092 1902; x_wconf 90' lang='lat'>‚</span> <span class='ocrx_word' id='word_1_144' title='bbox 1134 1852 1318 1892; x_wconf 91' lang='lat' dir='ltr'>cruces</span> <span class='ocrx_word' id='word_1_145' title='bbox 1348 1881 1365 1905; x_wconf 88' lang='lat'>‚</span> <span class='ocrx_word' id='word_1_146' title='bbox 1419 1849 1568 1891; x_wconf 64' lang='lat' dir='ltr'>tam-&#39;</span> 
     </span>
     <span class='ocr_line' id='line_1_24' title="bbox 290 1912 1611 2000; baseline -0.002 -23"><span class='ocrx_word' id='word_1_147' title='bbox 290 1942 464 2000; x_wconf 89' lang='lat' dir='ltr'>quam</span> <span class='ocrx_word' id='word_1_148' title='bbox 494 1915 768 1975; x_wconf 84' lang='lat' dir='ltr'>reddituri</span> <span class='ocrx_word' id='word_1_149' title='bbox 796 1912 1126 1995; x_wconf 88' lang='lat' dir='ltr'>supplicium</span> <span class='ocrx_word' id='word_1_150' title='bbox 1153 1959 1173 1985; x_wconf 90' lang='lat'>,</span> <span class='ocrx_word' id='word_1_151' title='bbox 1212 1939 1273 1973; x_wconf 91' lang='lat' dir='ltr'>ac</span> <span class='ocrx_word' id='word_1_152' title='bbox 1301 1915 1568 1998; x_wconf 62' lang='lat' dir='ltr'>praerepta</span> <span class='ocrx_word' id='word_1_153' title='bbox 1595 1921 1611 1953; x_wconf 80' lang='grc'>-’</span> 
     </span>
     <span class='ocr_line' id='line_1_25' title="bbox 291 1995 1610 2078; baseline -0.008 -15"><span class='ocrx_word' id='word_1_154' title='bbox 291 2001 524 2063; x_wconf 83' lang='lat' dir='ltr'>interim</span> <span class='ocrx_word' id='word_1_155' title='bbox 554 1999 769 2057; x_wconf 88' lang='lat' dir='ltr'>ultione</span> <span class='ocrx_word' id='word_1_156' title='bbox 794 2044 812 2068; x_wconf 83' lang='lat'>‚</span> <span class='ocrx_word' id='word_1_157' title='bbox 860 1995 1206 2055; x_wconf 81' lang='lat' dir='ltr'>festinabant.</span> <span class='ocrx_word' id='word_1_158' title='bbox 1446 2001 1468 2021; x_wconf 65' lang='lat'>⁸</span> <span class='ocrx_word' id='word_1_159' title='bbox 1602 2066 1610 2078; x_wconf 32' lang='lat'><strong><em>¹</em></strong></span> 
     </span>
    </p>

    <p class='ocr_par' dir='ltr' id='par_1_9' title="bbox 385 2079 1609 2159">
     <span class='ocr_line' id='line_1_26' title="bbox 385 2079 1609 2159; baseline -0.004 -17"><span class='ocrx_word' id='word_1_160' title='bbox 385 2083 668 2142; x_wconf 88' lang='lat' dir='ltr'>XXXIV.</span> <span class='ocrx_word' id='word_1_161' title='bbox 697 2082 728 2144; x_wconf 91' lang='lat' dir='ltr'>J</span> <span class='ocrx_word' id='word_1_162' title='bbox 735 2102 828 2138; x_wconf 89' lang='lat' dir='ltr'>AM</span> <span class='ocrx_word' id='word_1_163' title='bbox 857 2079 1122 2138; x_wconf 87' lang='lat' dir='ltr'>Suetonio</span> <span class='ocrx_word' id='word_1_164' title='bbox 1146 2079 1568 2159; x_wconf 85' lang='lat' dir='ltr'>quartadecima</span> <span class='ocrx_word' id='word_1_165' title='bbox 1596 2084 1609 2146; x_wconf 55' lang='grc' dir='ltr'>ς</span> 
     </span>
    </p>

    <p class='ocr_par' dir='ltr' id='par_1_10' title="bbox 289 2160 1601 2248">
     <span class='ocr_line' id='line_1_27' title="bbox 289 2160 1601 2248; baseline -0.002 -21"><span class='ocrx_word' id='word_1_166' title='bbox 289 2167 441 2248; x_wconf 86' lang='lat' dir='ltr'>legio</span> <span class='ocrx_word' id='word_1_167' title='bbox 485 2188 615 2223; x_wconf 90' lang='lat' dir='ltr'>cum</span> <span class='ocrx_word' id='word_1_168' title='bbox 662 2161 956 2223; x_wconf 85' lang='lat' dir='ltr'>vexillariis</span> <span class='ocrx_word' id='word_1_169' title='bbox 1004 2160 1347 2222; x_wconf 83' lang='lat' dir='ltr'>vicesimanis</span> <span class='ocrx_word' id='word_1_170' title='bbox 1375 2210 1393 2235; x_wconf 83' lang='lat'>‚</span> <span class='ocrx_word' id='word_1_171' title='bbox 1434 2171 1491 2224; x_wconf 74' lang='grc' dir='ltr'>δε</span> <span class='ocrx_word' id='word_1_172' title='bbox 1533 2186 1564 2223; x_wconf 90' lang='lat' dir='ltr'>e</span> <span class='ocrx_word' id='word_1_173' title='bbox 1589 2202 1601 2230; x_wconf 58' lang='lat' dir='ltr'>‚c</span> 
     </span>
    </p>

    <p class='ocr_par' dir='ltr' id='par_1_11' title="bbox 289 2243 1600 2336">
     <span class='ocr_line' id='line_1_28' title="bbox 289 2243 1600 2336; baseline -0.003 -27"><span class='ocrx_word' id='word_1_174' title='bbox 289 2247 555 2336; x_wconf 86' lang='lat' dir='ltr'>proximis</span> <span class='ocrx_word' id='word_1_175' title='bbox 586 2246 870 2307; x_wconf 83' lang='lat' dir='ltr'>auxiliares</span> <span class='ocrx_word' id='word_1_176' title='bbox 893 2293 910 2319; x_wconf 86' lang='lat'>‚</span> <span class='ocrx_word' id='word_1_177' title='bbox 951 2245 1151 2305; x_wconf 89' lang='lat' dir='ltr'>decem</span> <span class='ocrx_word' id='word_1_178' title='bbox 1180 2243 1362 2307; x_wconf 87' lang='lat' dir='ltr'>ferme</span> <span class='ocrx_word' id='word_1_179' title='bbox 1384 2245 1565 2305; x_wconf 86' lang='lat' dir='ltr'>millia</span> <span class='ocrx_word' id='word_1_180' title='bbox 1582 2283 1600 2303; x_wconf 51' lang='lat'>&lt;-</span> 
     </span>
    </p>

    <p class='ocr_par' dir='ltr' id='par_1_12' title="bbox 288 2328 1564 2395">
     <span class='ocr_line' id='line_1_29' title="bbox 288 2328 1564 2395; baseline -0.004 -2"><span class='ocrx_word' id='word_1_181' title='bbox 288 2353 638 2395; x_wconf 87' lang='lat' dir='ltr'>armatorum</span> <span class='ocrx_word' id='word_1_182' title='bbox 668 2352 824 2391; x_wconf 89' lang='lat' dir='ltr'>erant</span> <span class='ocrx_word' id='word_1_183' title='bbox 848 2355 860 2389; x_wconf 90' lang='lat'>:</span> <span class='ocrx_word' id='word_1_184' title='bbox 896 2328 1027 2388; x_wconf 75' lang='lat' dir='ltr'>cum</span> <span class='ocrx_word' id='word_1_185' title='bbox 1049 2330 1314 2389; x_wconf 87' lang='lat' dir='ltr'>omittere</span> <span class='ocrx_word' id='word_1_186' title='bbox 1337 2333 1564 2389; x_wconf 58' lang='lat' dir='ltr'>cunita-</span> 
     </span>
    </p>

    <p class='ocr_par' dir='ltr' id='par_1_13' title="bbox 288 2411 1616 2497">
     <span class='ocr_line' id='line_1_30' title="bbox 288 2411 1616 2497; baseline -0.005 -19"><span class='ocrx_word' id='word_1_187' title='bbox 288 2419 509 2479; x_wconf 89' lang='lat' dir='ltr'>tionem</span> <span class='ocrx_word' id='word_1_188' title='bbox 532 2463 549 2488; x_wconf 85' lang='lat'>,</span> <span class='ocrx_word' id='word_1_189' title='bbox 589 2423 647 2475; x_wconf 89' lang='lat'>&amp;</span> <span class='ocrx_word' id='word_1_190' title='bbox 674 2412 944 2497; x_wconf 83' lang='lat' dir='ltr'>congredi</span> <span class='ocrx_word' id='word_1_191' title='bbox 968 2412 1084 2472; x_wconf 90' lang='lat' dir='ltr'>acie</span> <span class='ocrx_word' id='word_1_192' title='bbox 1110 2433 1299 2496; x_wconf 88' lang='lat' dir='ltr'>parat:</span> <span class='ocrx_word' id='word_1_193' title='bbox 1331 2411 1580 2495; x_wconf 66' lang='lat' dir='ltr'>deligit-›</span> <span class='ocrx_word' id='word_1_194' title='bbox 1614 2477 1616 2481; x_wconf 48' lang='grc'><strong>,</strong></span> 
     </span>
    </p>

    <p class='ocr_par' dir='ltr' id='par_1_14' title="bbox 290 2495 1561 2583">
     <span class='ocr_line' id='line_1_31' title="bbox 290 2495 1561 2583; baseline -0.006 -22"><span class='ocrx_word' id='word_1_195' title='bbox 290 2524 401 2583; x_wconf 89' lang='lat' dir='ltr'>que</span> <span class='ocrx_word' id='word_1_196' title='bbox 441 2500 632 2558; x_wconf 89' lang='lat' dir='ltr'>locum</span> <span class='ocrx_word' id='word_1_197' title='bbox 679 2500 836 2557; x_wconf 68' lang='lat' dir='ltr'>arctis</span> <span class='ocrx_word' id='word_1_198' title='bbox 878 2495 1128 2557; x_wconf 89' lang='lat' dir='ltr'>faucibus</span> <span class='ocrx_word' id='word_1_199' title='bbox 1153 2543 1171 2568; x_wconf 84' lang='lat'>,</span> <span class='ocrx_word' id='word_1_200' title='bbox 1224 2505 1283 2556; x_wconf 76' lang='grc' dir='ltr'>δε</span> <span class='ocrx_word' id='word_1_201' title='bbox 1325 2520 1356 2555; x_wconf 89' lang='lat' dir='ltr'>a</span> <span class='ocrx_word' id='word_1_202' title='bbox 1401 2516 1561 2578; x_wconf 90' lang='lat' dir='ltr'>tergo</span> 
     </span>
    </p>

    <p class='ocr_par' dir='ltr' id='par_1_15' title="bbox 289 2579 1561 2663">
     <span class='ocr_line' id='line_1_32' title="bbox 289 2579 1561 2663; baseline -0.009 -14"><span class='ocrx_word' id='word_1_203' title='bbox 289 2583 420 2649; x_wconf 57' lang='lat' dir='ltr'>silva</span> <span class='ocrx_word' id='word_1_204' title='bbox 435 2581 679 2645; x_wconf 83' lang='lat' dir='ltr'>clausum</span> <span class='ocrx_word' id='word_1_205' title='bbox 694 2605 711 2661; x_wconf 78' lang='lat'>3</span> <span class='ocrx_word' id='word_1_206' title='bbox 733 2581 858 2643; x_wconf 87' lang='lat' dir='ltr'>satis</span> <span class='ocrx_word' id='word_1_207' title='bbox 870 2580 1118 2663; x_wconf 84' lang='lat' dir='ltr'>cognitO,</span> <span class='ocrx_word' id='word_1_208' title='bbox 1138 2579 1279 2640; x_wconf 89' lang='lat' dir='ltr'>nihil</span> <span class='ocrx_word' id='word_1_209' title='bbox 1296 2579 1561 2652; x_wconf 85' lang='lat' dir='ltr'>hostium,</span> 
     </span>
    </p>
   </div>
   <div class='ocr_carea' id='block_1_5' title="bbox 91 303 265 309">
    <p class='ocr_par' dir='ltr' id='par_1_16' title="bbox 91 303 265 309">
     <span class='ocr_line' id='line_1_33' title="bbox 91 303 265 309; baseline 0 0"><span class='ocrx_word' id='word_1_210' title='bbox 91 303 265 309; x_wconf 95' lang='lat' dir='ltr'> </span> 
     </span>
    </p>
   </div>
   <div class='ocr_carea' id='block_1_6' title="bbox 1568 879 1659 2199">
    <p class='ocr_par' dir='ltr' id='par_1_17' title="bbox 1568 879 1659 2199">
     <span class='ocr_line' id='line_1_34' title="bbox 1572 879 1659 1117; baseline 0 -73"><span class='ocrx_word' id='word_1_211' title='bbox 1572 879 1659 1117; x_wconf 95' lang='lat' dir='ltr'>   </span> 
     </span>
     <span class='ocr_line' id='line_1_35' title="bbox 1572 1124 1659 1306; baseline 0 -104"><span class='ocrx_word' id='word_1_212' title='bbox 1572 1124 1659 1306; x_wconf 95' lang='lat' dir='ltr'>  </span> 
     </span>
     <span class='ocr_line' id='line_1_36' title="bbox 1569 1306 1659 1626; baseline 0.233 -97"><span class='ocrx_word' id='word_1_213' title='bbox 1569 1306 1659 1626; x_wconf 95' lang='lat' dir='ltr'>    </span> 
     </span>
     <span class='ocr_line' id='line_1_37' title="bbox 1568 1626 1659 1874; baseline 0 -12"><span class='ocrx_word' id='word_1_214' title='bbox 1568 1626 1659 1874; x_wconf 95' lang='lat' dir='ltr'>     </span> 
     </span>
     <span class='ocr_line' id='line_1_38' title="bbox 1568 1874 1659 2199; baseline 0 0"><span class='ocrx_word' id='word_1_215' title='bbox 1568 1874 1659 2199; x_wconf 95' lang='lat' dir='ltr'>    </span> 
     </span>
    </p>
   </div>
  </div>
 </body>
</html>
