1637 2917
207 148 333 208 '474
405 130 477 189 IN
519 126 770 189 LIBRUM
814 150 1379 205 QUfflTUMDEchUM

215 231 406 278 statuere
421 228 566 296 qualis
583 224 772 297 quisque
789 227 840 278 fit
855 227 1094 279 habendus
1106 268 1122 292 ,
1148 230 1491 299 laudandusne3
1560 229 1564 231 ’
1597 239 1602 245 “

215 312 277 345 an
306 293 646 360 vituperandus.

287 425 364 475 CA
372 443 414 474 P.
426 424 568 474 XXI.
581 424 689 476 Tali
703 424 829 475 modo
849 424 1115 492 ostentandi.
1134 427 1190 475 In
1206 428 1298 478 hac
1308 428 1496 496 public&

218 511 403 541 morum
430 492 686 559 corruptela
711 531 723 554 ,
766 492 1033 541 decernatur
1065 510 1340 562 maneatque
1375 514 1495 562 pro-

217 559 488 608 vincialibus
513 561 582 622 jus
605 561 859 625 potentiam
885 556 1009 606 suam
1040 562 1381 626 magistratuum
1412 579 1496 610 ac·-

220 623 451 674 cusatione
476 626 750 674 ostentandi.
782 626 860 674 Sic
886 627 1010 673 enirn
1038 625 1302 694 infringitur
1327 625 1499 694 magis-

221 707 417 741 tratuum
454 695 658 741 avaritia.
711 689 810 740 Hic
839 708 992 740 autem
1016 690 1270 758 ostentandi
1303 694 1497 754 dicitur,

219 774 270 806 ut
295 758 469 807 Annal.
491 759 536 807 II
558 797 570 819 ,
602 776 660 822 43
685 796 699 818 ,
732 758 907 807 monuit
930 793 943 806 .
963 791 976 806 .
1000 792 1013 806 .
1034 758 1284 824 inftefz‘andi
1302 798 1317 822 ,
1336 766 1380 808 δε
1399 760 1500 813 An-

219 825 315 874 nal.
334 824 450 887 XV,
476 841 518 886 5.
556 823 758 892 Infixum
783 839 885 874 erar
906 861 918 875 .
940 861 953 875 .
975 861 989 875 .
1009 823 1210 876 vitandi.

284 956 412 1006 CAP.
431 954 595 1005 XXII.
630 953 706 1004 Εα
733 953 788 1005 de
809 972 860 1005 re
879 955 1091 1007 relatum.
1128 951 1385 1004 Consulum
1407 969 1507 1005 erat

222 1023 496 1072 relationem
531 1021 713 1071 facere:
752 1023 799 1071 id
827 1029 872 1071 &
903 1021 1190 1088 Principibus
1222 1020 1500 1071 concess'um.

223 1090 289 1138 At
308 1128 320 1150 ‚
358 1087 464 1138 licet
485 1089 697 1137 nondum
719 1088 837 1138 fasta
862 1089 1115 1152 relatione,
1150 1089 1276 1156 quod
1295 1090 1341 1136 in
1366 1106 1502 1137 com-

222 1173 368 1203 mune
406 1156 683 1205 conduceret
717 1174 989 1221 expromere
1019 1171 1233 1221 poterant
1260 1154 1506 1204 senatores.

223 1220 371 1269 Nunc
405 1220 513 1270 vero
556 1224 827 1270 relationem
865 1223 1167 1271 abnuentibus
1207 1220 1464 1270 consulibus
1493 1258 1509 1282 ,

222 1287 345 1337 illius
370 1290 529 1336 auctor
561 1288 647 1338 fuit
673 1286 768 1355 ipse
789 1288 1007 1356 Princeps
1027 1308 1044 1352 3
1079 1288 1345 1355 factumque
1374 1287 1507 1338 sena-

223 1351 565 1404 tusconsultum.

287 1419 367 1468 Ad
397 1419 635 1468 concilium
649 1420 876 1484 sociorum
909 1419 1112 1480 referret.
1160 1418 1232 1466 Ut
1253 1417 1520 1466 haecintel-'

225 1486 446 1552 ligantur,
469 1484 802 1533 observandum
825 1487 964 1531 moris
985 1483 1111 1532 fuisse
1131 1500 1180 1531 ut
1200 1484 1509 1547 provinciales

227 1553 397 1600 inirent
442 1552 693 1598 concilium
726 1589 739 1610 ,
791 1552 1114 1614 mitterentque
1156 1549 1333 1613 legatos
1369 1588 1382 1609 ‚
1428 1552 1510 1616 qui

227 1618 572 1683 provinciarum
597 1615 987 1672 administratione
1021 1612 1287 1680 perfunctos
1310 1632 1513 1680 proprae-

231 1699 352 1732 tores
372 1699 449 1730 aut
472 1681 772 1748 proconsules
793 1677 976 1747 publice
998 1684 1047 1729 in
1068 1679 1223 1729 senatu
1241 1679 1477 1729 laudarent
1499 1718 1518 1742 ‚

229 1755 277 1797 &
296 1751 462 1816 gratias
480 1764 689 1816 agerent.
710 1747 842 1817 Isque
863 1764 958 1797 erat
979 1747 1039 1797 ad
1055 1765 1204 1795 novos
1220 1748 1511 1813 magistratus

230 1813 519 1892 majoresque
547 1814 754 1891 honores·
780 1815 983 1881 gradus3
1018 1829 1067 1862 ut
1101 1813 1254 1861 videre
1290 1814 1353 1860 est
1388 1812 1514 1878 apud
1562 1812 1564 1814 ’
1602 1803 1607 1862 Ῑ

230 1881 438 1930 Plinium
459 1901 507 1930 m
526 1880 816 1949 Panegyrico
838 1881 884 1928 II
899 1920 911 1941 ,
934 1899 1012 1938 70.
1032 1879 1147 1928 Inde
1165 1880 1515 1946 magistratuum

232 1948 556 1997 Romanorum
600 1946 702 1995 finis
738 1951 787 1996 in
826 1947 1052 1996 deteriora
1089 1945 1382 2007 inclinabat3
1432 1951 1477 1992 δ(
1497 1983 1515 2006 ,
1558 1950 1607 1993 *A

233 2016 284 2065 in
310 2014 502 2062 modum
526 2012 874 2062 candidatorum
890 2050 903 2071 ,
927 2011 1141 2078 suffiagia
1163 2028 1252 2059 con
1291 2010 1513 2059 nitebant.
1582 2009 1608 2071 ,ζ’

301 2078 612 2147 Gymnqsium.
650 2078 726 2127 De
749 2096 843 2146 quo
865 2075 998 2143 supra
1017 2077 1194 2125 Annal.
1213 2075 1263 2124 X
1288 2076 1352 2136 V,
1372 2095 1450 2135 47.

297 2143 517 2205 Pompeii.
535 2143 678 2193 Nunc
698 2143 839 2193 Torre
863 2141 966 2192 dell’
982 2142 1287 2194 Annunciara
1309 2182 1324 2204 ‚
1345 2145 1394 2190 in
1416 2141 1516 2203 finu
1572 2151 1577 2206 g
1613 2154 1615 2158 ’

232 2208 570 2277 Neapolitano.
637 2210 972 2277 Pompeiorum
1016 2212 1199 2258 ruinam
1243 2207 1302 2257 ad
1342 2207 1513 2258 Nonas

232 2274 502 2327 Februarias
527 2279 638 2325 anni
657 2275 882 2345 sequentis
906 2275 1052 2325 differt
1071 2277 1272 2335 Seneca,
1299 2273 1518 2323 Natural.
1569 2298 1571 2302 ¹

235 2344 477 2410 quaest.VI
494 2384 507 2405 ,
539 2361 581 2391 1.
612 2342 769 2394 Terrae
789 2359 966 2393 motum
996 2345 1148 2410 priore
1173 2358 1299 2390 anno
1328 2340 1517 2407 coepisse

236 2410 522 2459 crediderim.
555 2409 668 2458 Hoc
697 2411 926 2478 oppidum
954 2412 1112 2476 postea
1129 2405 1318 2460 Vesuvii
1342 2409 1516 2457 montis
1555 2408 1566 2432 '⁴

235 2479 608 2545 ,conflagratione
628 2482 808 2541 penitus
829 2478 1042 2525 obrutum
1063 2478 1140 2525 est.
1172 2473 1296 2524 Vide
1311 2473 1515 2539 Appen-

239 2542 386 2592 dicem
417 2543 821 2611 Chronologicam
852 2543 910 2595 ad
944 2561 1118 2595 annum
1141 2538 1287 2594 Urbis
1318 2540 1525 2604 condita,

236 2624 557 2663 DCCCXXXII·
1554 2627 1558 2637 '
