1725 2983
22 328 74 368 A.
98 330 143 364 U.
166 327 210 365 C.

64 379 175 422 800.

58 452 97 493 J.
130 451 179 490 C.

72 529 157 577 57.

231 162 308 213 '12
421 154 494 214 C.
535 154 978 217 CoRN13111
1025 158 1329 222 TAC1T1

237 250 540 314 ”facinoris
562 255 708 314 ultro
731 277 953 339 petere:
1000 258 1210 318 clarum
1250 285 1314 320 ex
1347 284 1413 321 eo
1440 258 1503 323 in·

241 336 442 396 »Urbe
460 386 476 411 ,
495 338 672 399 didita
690 362 787 421 per
803 342 1111 423 provincias
1125 342 1294 416 fama,
1317 367 1506 425 parare

241 420 389 479 :niter
418 422 489 479 ad
521 425 886 482 Germanicos
928 426 1193 485 exercitus
1221 449 1237 502 3
1279 427 1507 505 quando

239 504 503 585 „genitus
539 507 774 565 Viennae
797 553 813 578 ,
860 507 1159 589 multisque
1206 517 1261 567 δέ
1309 509 1506 569 validis

238 589 789 670 „propinquitatibus
810 588 1066 649 subnixus
1086 638 1103 662 ,
1130 591 1347 649 turbare
1373 615 1509 672 gen-

237 670 407 729 :ntiles
433 675 683 731 nationes
714 695 1039 755 promptum
1069 674 1374 734 haberet».
1427 674 1508 735 At

239 755 512 814 Claudius
530 804 546 828 ,
581 757 721 813 nihil
746 755 886 814 ultra
910 756 1170 815 scrutatus
1185 805 1201 829 ,
1235 759 1354 816 citis
1380 781 1512 816 cum

236 838 512 898 militibus
537 887 553 911 ‚
591 861 881 920 tamquam
907 840 1280 922 opprimendo
1318 839 1468 899 bello
1489 887 1512 913 ,

238 919 566 1005 Crispinum
607 924 844 1005 praetorii
885 921 1204 1005 praefeotum
1244 923 1432 982 misit:
1476 947 1511 983 a

236 1027 354 1085 quo
389 1028 634 1088 repertus
674 1007 748 1064 est
783 1006 930 1088 apud
959 1008 1112 1065 Baias
1140 1054 1156 1079 ,
1203 1006 1509 1088 vinclisque

235 1087 430 1148 inditis
454 1137 468 1160 ‚
508 1091 565 1146 in
595 1088 816 1147 Urbem
840 1109 1040 1170 raptus.

324 1177 398 1232 ΙΙ.
442 1174 495 1230 N
502 1194 650 1243 EQUE
696 1171 825 1229 data
865 1170 1080 1231 senatus
1123 1172 1282 1253 copia
1312 1196 1324 1229 :
1368 1172 1512 1230 intra

239 1255 566 1321 cubiculum
614 1254 834 1314 auditur
865 1302 881 1327 ‚
929 1253 1227 1314 Messalina
1278 1278 1467 1314 coram
1492 1302 1512 1327 ,

242 1353 303 1406 δε
327 1339 498 1402 Suilio
532 1367 564 1390 oc
586 1339 1004 1421 corruptionem
1044 1338 1291 1396 militum
1317 1385 1333 1410 ‚
1373 1361 1512 1419 quos

240 1421 522 1510 mpecunia
557 1431 613 1482 &
652 1424 833 1504 stupro
869 1422 929 1479 in
965 1421 1126 1480 omni
1163 1421 1374 1503 flagitio
1407 1421 1512 1480 ob·-

240 1509 495 1568 :nstriotos
517 1535 551 1558 ω
595 1506 861 1588 arguebat
885 1553 901 1576 ,
948 1505 1073 1563 exin
1119 1532 1151 1556 cc
1173 1504 1513 1564 adulterium

240 1597 529 1674 :nPoppaeae
556 1617 590 1642 ω
611 1636 627 1662 ,
673 1613 734 1647 ac
778 1587 1119 1670 postremum
1159 1616 1192 1639 oc
1214 1587 1517 1647 mollitiam

241 1675 534 1757 mcorporis
555 1701 583 1726 ιο
627 1672 960 1752 objecstante.
1030 1671 1121 1730 Ad
1171 1671 1324 1750 quod
1367 1672 1520 1730 vidto

243 1759 464 1820 filentio
486 1804 501 1827 ,
536 1755 786 1836 prorupit
826 1775 947 1811 reus
970 1800 986 1823 ‚
1013 1761 1071 1812 ὃς
1102 1756 1435 1834 <c1nterr0ga
1453 1783 1517 1826 ω,

241 1842 429 1922 inquit
445 1887 462 1911 ‚
493 1865 525 1888 oc
543 1835 678 1895 Suili
694 1883 710 1907 ‚
736 1835 878 1891 filios
902 1854 1023 1892 tuos
1044 1881 1059 1904 ‚
1082 1835 1265 1892 virum
1291 1833 1396 1893 effe
1422 1859 1516 1896 me

240 1955 278 1983 σο
290 1922 613 1983 fatebuntur
626 1943 683 1976 »ι
705 1915 1080 1999 ingressusque
1099 1915 1481 1977 defensionem
1497 1965 1515 1991 ,

244 2025 540 2069 commoto
568 2009 842 2083 majorem
877 2000 936 2057 in
962 1998 1200 2058 modum
1235 1999 1515 2074 Claudio,

245 2087 555 2153 Messalinae
580 2106 805 2166 quoque
831 2082 1081 2141 lacrimas
1105 2083 1303 2141 excivit
1327 2108 1338 2141 :
1390 2085 1516 2165 qui-

245 2176 350 2234 bus
373 2169 664 2232 abluendis
685 2166 943 2226 cubiculo
968 2165 1257 2248 egrediens
1279 2214 1294 2238 ‚
1321 2189 1519 2227 monet

248 2254 553 2319 Vitellium
577 2301 592 2325 ,
638 2274 706 2310 ne
741 2249 886 2310 elabi
921 2272 1080 2308 reum
1118 2247 1331 2308 sineret.
1395 2249 1519 2332 Ipsa

250 2339 325 2400 ad
354 2337 658 2421 perniciem
684 2338 923 2416 Poppaeae
947 2331 1164 2392 festinat
1193 2380 1209 2404 ,
1244 2331 1475 2405 subditis
1498 2382 1518 2406 ,

253 2423 351 2505 qui
380 2442 588 2480 terrore
617 2419 846 2477 carceris
870 2416 941 2476 ad
970 2415 1340 2476 voluntariam
1365 2439 1521 2475 mor-

255 2528 375 2566 tem
400 2501 812 2587 propellerent:
853 2500 993 2560 adeo
1031 2500 1225 2581 ignaro
1265 2497 1476 2576 Caesare
1501 2547 1519 2571 ‚

256 2610 316 2670 pt
338 2636 357 2666 ‚
398 2608 597 2672 paucos
644 2586 762 2669 post
806 2583 964 2672 dies?
1013 2581 1333 2666 epulantem
1373 2582 1525 2667 apud
