1725 2983
324 149 398 198 26
511 142 1066 202 C.C0RNEL11
1119 147 1425 203 TACITI

107 280 297 303 ΕΞ
320 238 477 297 alveo
499 240 716 312 Rheni,
753 262 959 300 ceteras
982 243 1209 301 navium
1234 291 1249 315 ‚
1274 265 1334 303 ut
1358 258 1591 325 quaeque

104 326 153 367 Α·
175 328 226 364 U·
247 327 297 366 C.
321 322 574 395 habiles,
620 346 717 406 per
760 326 996 383 aestuaria
1043 334 1100 385 &
1148 325 1310 386 foffas
1363 327 1590 408 adegit:

146 396 254 437 ⁸00·
317 405 682 487 lintribusque
709 407 947 467 hostium
977 408 1232 491 depreffis
1255 458 1271 481 ‚
1315 419 1372 470 &
1403 431 1590 469 extur-

141 469 261 590 ἒξ·
315 489 768 549 bato'Gannasco
794 540 812 563 ‚
854 492 949 550 ubi
975 491 1256 575 praesentia
1278 491 1401 551 satis
1426 517 1588 551 com⁴

214 566 231 585 ⁶
310 573 484 669 posita
510 573 635 633 sunt
657 623 673 647 ,
718 574 966 657 legiones
1003 597 1239 657 operum
1276 584 1333 635 δε
1379 575 1584 635 laboris

307 681 532 741 lgnavas
549 706 566 730 ,
586 657 1035 741 populationibus
1052 658 1315 731 laetanteS,
1332 679 1584 719 veterem

305 741 378 801 ad
408 765 630 801 morem
660 742 877 800 reduxit
908 767 920 799 ι
956 765 1027 801 ne
1064 743 1185 823 quis
1218 744 1447 825 agmine
1487 738 1584 803 de-

306 824 562 897 cederet,
585 848 686 884 nec
711 848 959 907 pugnam
977 872 993 897 ,
1023 824 1122 883 nifi
1147 824 1344 907 juffuS‚
1376 826 1544 884 iniret
1567 851 1580 884 ε

303 910 558 968 stationes
588 957 603 980 ‚
650 908 849 990 vigiliae
878 957 894 981 ,
950 908 1149 967 diurna
1194 914 1580 990 noeturnaque

301 992 494 1050 munia
517 1040 533 1063 ,
569 993 632 1048 in
663 993 830 1050 armis
857 990 1225 1073 agitabantur.
1263 995 1579 1074 Feruntque

307 1074 606 1134 nemilitem
644 1121 661 1146 ,
720 1076 852 1156 quia
911 1075 1124 1133 vallum
1185 1099 1300 1134 non
1366 1077 1579 1136 accinc-

295 1179 465 1231 aetus,
511 1180 694 1242 atque,
724 1157 939 1229 alium,
984 1159 1114 1240 quia
1159 1159 1405 1242 pugione
1452 1180 1576 1219 tan-

294 1241 463 1301 atum
513 1243 788 1301 accinetus
838 1239 1060 1301 foderet
1095 1290 1111 1314 ‚
1176 1263 1360 1302 morte
1407 1245 1574 1325 puni—

294 1347 502 1384 κως».
587 1327 727 1400 Quae
774 1325 952 1383 nimia
986 1373 1003 1398 ‚
1061 1333 1119 1385 δε
1169 1327 1449 1384 incertum
1503 1351 1573 1387 an

293 1408 433 1468 falso
458 1413 600 1491 jaeta
624 1457 640 1481 ,
681 1409 962 1491 originem
1000 1430 1190 1468 tamen
1221 1431 1251 1468 e
1281 1407 1573 1470 severitate

293 1493 747 1552 ducis’traxere:
797 1494 1193 1573 intentumque
1240 1500 1299 1552 δε
1350 1495 1571 1575 magnis

290 1575 506 1636 dehetis
532 1576 936 1635 inexorabilem
975 1574 1106 1634 scias
1138 1624 1153 1648 ‚
1209 1576 1298 1634 cui
1348 1596 1570 1636 tantum

290 1659 594 1742 asperitatis
649 1660 821 1719 etiam
872 1659 1132 1718 adversus
1179 1657 1323 1718 levia
1372 1660 1569 1720 crede-

288 1743 467 1803 batur.

379 1827 544 1886 XIX.
582 1826 884 1881 CETERUM
920 1822 963 1880 is
996 1843 1172 1880 terror
1201 1822 1409 1883 milites
1439 1824 1570 1884 hos-
1590 1820 1612 1831 ³

290 1907 479 1989 resque
507 1909 565 1964 in
593 1905 872 1965 diversum
895 1902 1103 1963 adfecit
1127 1930 1139 1962 t
1168 1928 1268 1964 nos
1296 1907 1563 1968 virtutem

286 1994 576 2066 auximus·,
616 1990 835 2048 barbari
863 1984 1131 2047 ferociam
1155 1986 1451 2071 infregere.
1493 1995 1564 2051 Et

286 2077 441 2136 natio
464 2072 757 2133 Frisiorum
781 2120 796 2144 ‚
825 2074 940 2155 post
963 2070 1333 2131 rebellionem
1353 2120 1370 2145 ,
1400 2073 1560 2134 clade

286 2163 351 2219 L.
381 2159 620 2241 Apronii
658 2176 898 2238 coeptam
925 2203 943 2228 .‚
986 2152 1199 2214 infensa
1222 2203 1237 2228 ‚
1280 2177 1375 2215 aut
1411 2157 1559 2217 male

285 2243 397 2301 fida
416 2290 431 2314 ‚
457 2242 598 2300 datis
621 2239 903 2299 obsidibus
922 2287 937 2311 ‚
961 2237 1212 2298 consedit
1232 2239 1377 2321 apud
1398 2263 1557 2323 agros

285 2351 318 2385 a
343 2325 673 2385 Corbulone
699 2322 1015 2405 descriptos.
1061 2322 1225 2380 Idem
1260 2321 1512 2382 senatum
1536 2373 1557 2402 ,v
1599 2399 1606 2407 x

287 2410 629 2491 magistratus
653 2457 668 2480 ,
708 2407 856 2488 leges
888 2403 1168 2489 imposuit.
1218 2405 1296 2464 Ac
1321 2429 1409 2466 ne>
1419 2405 1553 2487 jussa

282 2511 546 2562 exuerent
578 2539 595 2564 ,
651 2490 960 2574 praesidium
1004 2490 1330 2548 immunivit
1356 2513 1373 2566 3
1420 2488 1552 2548 mis-

282 2577 346 2637 fis
369 2626 386 2652 ,
431 2576 528 2659 qui
552 2583 788 2658 majores
814 2575 1074 2636 Chaucos
1099 2573 1171 2633 acl
1193 2573 1548 2635 deditionem
1585 2644 1589 2647 Α
1615 2608 1618 2611 Δ
