1725 2983
392 178 870 222 ANNAthM
914 159 1082 219 Lm.
1118 159 1247 221 XII.
1376 160 1456 234 67

191 259 292 323 His
359 261 566 320 evistus
609 306 626 331 ‚
697 258 930 317 biennio
993 266 1267 337 majorem
1323 277 1457 316 natu

1474 281 1666 312 ff

188 345 520 404 Domitium
560 342 677 400 filio
713 342 1003 424 anteponit
1026 390 1042 414 ‚
1078 340 1268 402 habita
1307 339 1455 425 apud
1471 329 1672 387 A.U.'c.·

185 427 440 487 senatum
481 426 733 485 oratione
768 426 827 484 in
862 425 1131 484 eumdem
1157 475 1172 498 ,
1212 449 1385 508 quem
1422 449 1454 483 a

1522 415 1633 473 803.

186 511 391 570 liberto
419 529 703 594 acceperat
727 556 743 580 ‚
784 507 1042 567 modum.
1088 509 1455 569 Adnotabant
1510 491 1549 531 δ’
1572 513 1634 602 0⁶

187 595 383 678 periti,
418 594 634 653 nullam
662 592 895 652 antehac
923 591 1290 675 adoptionem
1311 595 1458 653 inter

186 679 445 761 patricios
499 676 768 736 Claudios
813 676 1039 759 reperiri
1073 724 1089 749 ‚
1144 676 1347 758 eosque
1390 678 1459 737 ab

183 761 326 822 Atto
353 759 556 819 Clauso
582 760 875 820 continuos
899 757 1187 819 duraviffe.

268 846 490 905 XXVI.
511 847 809 904 CETERUM
827 848 954 903 aetae
972 844 1216 926 Principi
1241 863 1419 925 grates
1438 890 1457 916 ,

182 927 536 1009 exquisitiore
600 927 661 985 in
717 928 1049 986 Domitium
1119 927 1458 987 adulatione.

183 1012 516 1094 Rogataque
543 1009 631 1070 lex
649 1057 666 1082 ,
706 1010 816 1092 qua
851 1039 882 1072 ,cc
903 1012 962 1069 in
986 1009 1264 1069 familiam
1290 1010 1465 1071 Clau-

177 1093 380 1153 mdiam
402 1104 457 1155 &
482 1117 695 1153 nomen
718 1095 958 1154 Neronis
984 1093 1234 1154 transiret
1250 1124 1308 1153 υ.
1340 1095 1457 1153 Au-

182 1198 342 1259 getur
366 1186 423 1238 δέ
448 1177 759 1260 Agrippina
781 1198 1163 1260 cognomento
1184 1179 1454 1260 Augustae:

180 1260 381 1341 quibus
409 1262 632 1342 patratis
654 1307 670 1333 ‚
711 1283 884 1319 nemo
914 1260 1056 1320 adeo
1080 1283 1269 1344 expers
1294 1259 1455 1321 mise-

178 1342 428 1402 ricordiae
454 1340 562 1401 fuit
587 1389 605 1415 ,
645 1366 818 1424 quem
849 1368 967 1403 non
996 1344 1300 1403 Britannici
1335 1341 1453 1402 for-

177 1447 322 1486 tunae
340 1448 536 1484 maeror
552 1425 815 1487 adficeret
836 1453 847 1486 ε
866 1426 1140 1489 desolatus
1156 1427 1451 1510 paullatim

176 1510 351 1571 etiam
381 1508 666 1570 servilibus
690 1511 1036 1584 mi11isterii3‚
1065 1513 1453 1594 intempestiva

174 1579 426 1654 nerrcae
452 1591 636 1653 officia
666 1595 725 1654 in
756 1593 998 1655 ludibria
1024 1595 1278 1654 vertebat
1300 1642 1316 1666 ,
1360 1595 1452 1653 in-.-

175 1676 438 1757 telligens
477 1675 614 1735 falfi.
689 1678 890 1757 Neque
931 1679 1088 1736 enim
1122 1676 1354 1759 segnem
1397 1677 1452 1739 ei

177 1757 339 1818 fuiffe
380 1757 637 1817 indolem
672 1756 898 1818 ferunt:
939 1759 1046 1819 five
1075 1782 1311 1837 verum3
1357 1758 1452 1820 seu

175 1840 432 1926 periculis
466 1842 896 1902 commendatus
920 1890 938 1915 ,
982 1843 1211 1902 retinuit
1235 1842 1452 1904 famam

172 1924 287 1985 fine
325 1924 728 2006 experimenta

267 2009 514 2068 XXVII.
535 2010 641 2066 SED
653 2007 965 2091 Agrippina
982 2057 998 2082 ,
1023 2012 1137 2090 quo
1157 2010 1273 2069 vim
1294 2008 1449 2069 suam

173 2089 332 2151 sociis
374 2114 601 2172 quoque
642 2092 962 2152 nationibus
1002 2095 1340 2166 ostentaret,
1387 2094 1448 2152 in

173 2174 449 2258 oppidum
473 2176 762 2234 Ubiorum
786 2224 801 2248 ‚
845 2177 904 2234 in
927 2200 1045 2257 vquo
1075 2179 1263 2260 genita
1287 2197 1403 2237 erat
1427 2224 1446 2249 ‚
1531 2212 1540 2223 v

172 2279 464 2319 veteranos
491 2258 886 2340 coloniamque
921 2260 1125 2320 deduci
1146 2262 1446 2345 impetrat3

173 2342 264 2401 cui
304 2365 517 2401 nomen
559 2343 808 2401 inditum
848 2366 913 2404 ex
949 2345 1225 2404 vocabulo
1265 2344 1445 2428 ipsius.

170 2425 256 2486 Ac
304 2423 449 2484 forte
495 2426 769 2485 acciderat
804 2474 821 2499 ,
877 2447 939 2486 ut
988 2451 1114 2487 eam
1164 2450 1393 2511 gentem
1421 2475 1442 2500 ‚

171 2508 375 2567 Rheno
424 2508 806 2592 transgressam
837 2558 854 2582 ‚
907 2534 1037 2571 avus
1087 2511 1336 2594 Agrippa
1381 2512 1441 2570 in

161 2590 344 2660 ,fidem
389 2593 678 2679 acciperet.
744 2592 949 2658 Iisdem
991 2595 1336 2680 temporibus
1376 2595 1440 2656 in
