1637 2917
345 177 1142 239 ANNALruMNoi-Az.
1281 191 1389 258 53¹

181 278 307 330 Cn.
327 275 616 328 LXXXIX.
649 276 876 345 Prodigia
897 276 1112 338 plurima.
1141 276 1257 325 Haec
1283 279 1399 327 alia-

118 363 209 426 que
252 345 468 412 prodigia
517 361 778 394 memorant
830 345 1074 392 Suetonius
1116 347 1163 391 in
1205 342 1395 403 Galba,

118 415 241 476 Cap.
278 431 318 461 1.
367 411 465 460 Dio
494 410 692 470 LXIII,
727 427 836 476 pag.
861 428 973 467 727.
1009 410 1128 459 Plin.
1159 410 1231 469 ΙΙ,
1265 414 1319 473 83
1352 416 1397 458 ὃς

121 492 230 540 103.
263 474 418 535 XVI,
451 492 529 534 44.
567 481 612 522 &
638 475 814 535 XVII,
847 482 924 522 26.

182 541 384 591 Pileczta.
420 541 613 589 Suetbn.
641 544 688 589 in
721 541 838 591 Ner.
873 539 996 604 Cap.
1020 556 1094 597 57.
1127 540 1304 601 Pileus,
1336 543 1397 589 li·-

117 608 301 722 ἓεῑῐεῐίε
336 606 531 674 infigne.
573 607 696 658 Vide
732 615 776 656 &
801 606 1044 656 Aurelium
1068 605 1309 658 Victorem
1346 610 1400 656 in.

198 691 357 724 itome.

161 693 404 790 PTralzere.
435 739 662 788 Plutarch.
687 742 735 787 in
767 737 949 798 Galba,
981 755 1092 803 pag.
1125 747 1264 798 1056.

184 805 435 856 Donacivi.
464 806 541 853 De
566 823 660 872 quo
681 805 854 853 dicium
879 803 1011 869 supra
1042 804 1162 869 Cap.
1190 810 1266 865 85.

190 870 411 938 Tigellini
422 872 641 935 fheietas.
675 871 773 936 Qui
795 870 1074 939 Nymphidii
1099 872 1281 939 collega
1303 887 1400 923 erat

119 939 170 989 in
193 936 464 1006 praefestura
484 953 800 1004 praetoriarum
824 937 1098 986 cohortium.

186 1068 314 1119 Cn.
335 1068 447 1120 XC.
471 1069 528 1119 In
551 1069 748 1120 Senam.
778 1069 1009 1120 Plutarch.
1034 1069 1125 1118 loc.
1150 1073 1224 1119 cit.

188 1135 649 1201 Senatusconsultum.
709 1136 822 1186 Hoc
868 1135 1249 1185 senatusconsulto
1296 1156 1397 1187 non

121 1200 300 1252 tanttim
325 1221 448 1251 nova
473 1203 670 1271 dignitas
698 1206 1014 1265 nuntiabatur,
1047 1201 1120 1251 sed
1147 1205 1244 1264 jura
1271 1222 1399 1271 quo-

160 1288 214 1318 ue
235 1309 246 1330 ,
279 1286 327 1317 ut
367 1272 415 1318 in
446 1270 551 1337 lege
589 1271 736 1336 Regia
763 1310 776 1330 ,
808 1272 863 1319 de
938 1271 994 1318 ua
1035 1271 1237 1318 dicemus
1277 1268 1400 1320 infr&

121 1287 244 1384 fllist.
267 1335 353 1396 IV,
380 1344 407 1385 6
425 1376 438 1397 ,
465 1339 629 1401 procul
657 1337 794 1385 dubio
821 1289 1235 1403 praeci'cribebantur.
1435 1349 1439 1352 “

189 1400 377 1465 Cursum
411 1403 678 1452 celerarerzt.
716 1402 858 1450 Hanc
894 1421 1035 1450 unam
1066 1403 1242 1451 cursum
1276 1402 1400 1449 cele-

121 1467 254 1515 randi
289 1470 518 1516 rationem
550 1485 782 1533 repererat
815 1469 1066 1534 Augustus.
1119 1468 1233 1518 Inde
1271 1467 1396 1532 apud

121 1533 362 1583 Reimanos
385 1532 533 1582 cursus
555 1534 762 1599 publicus
783 1572 796 1594 ,
830 1551 970 1600 quem
992 1532 1173 1582 Gallice
1203 1534 1399 1582 dicimus

121 1599 170 1648 la
183 1599 301 1667 poste
320 1637 336 1660 ,
356 1617 383 1650 a
402 1600 557 1648 nostro
584 1598 663 1649 usu
681 1604 726 1647 &
743 1599 995 1648 commodo
1016 1598 1213 1648 multum
1229 1600 1400 1649 aberat.

188 1730 313 1788 CAP.
337 1733 475 1784 XCI.
512 1729 720 1783 Neronis
758 1731 999 1799 imagines.
1042 1730 1159 1780 Haec
1195 1738 1239 1781 ὅ(
1269 1731 1398 1800 seqq.

123 1795 354 1847 Plutarch.
389 1798 501 1848 ibid.
555 1796 669 1846 Inde
709 1815 860 1847 autem
897 1817 994 1846 non
1031 1796 1174 1846 mod&
1211 1800 1361 1846 statuae
1383 1837 1399 1860 ,

19 1865 22 1869 ’
120 1862 196 1912 sed
241 1882 346 1913 vera
389 1868 527 1914 etiam
562 1857 766 1913 Neronis
810 1867 961 1930 capita
1001 1864 1141 1912 hodie
1180 1865 1400 1915 rarissima

121 1930 262 1992 sunt;
309 1946 357 1980 ut
399 1932 551 1981 videre
589 1930 652 1978 est
698 1931 823 1998 apud
871 1930 946 1980 Cl.
983 1929 1349 1982 Winckelmann
1385 1969 1401 1994 ,

18 2024 26 2038 ·
127 1995 323 2068 Histoire
360 1995 413 2047 de
450 1997 576 2048 Z'Art
613 1994 720 2064 citez
756 1996 822 2046 les
856 1997 1100 2061 Anciens,
1137 1997 1282 2047 Tom.
1316 1997 1400 2061 11',

165 2080 191 2110 a
227 2097 240 2110 .
271 2082 296 2110 2
343 2081 382 2111 ι.

127 2081 161 2130 P
194 2080 457 2179 {ffatim-us.
499 2127 744 2178 Plutarcho
764 2168 777 2190 ,
812 2129 924 2179 ibid.
957 2129 1101 2178 dictus
1134 2131 1401 2198 Μωυριά-κος.

24 2186 44 2245 ’,
124 2193 194 2244 At
235 2193 468 2243 Mauricus
514 2196 869 2261 appellabatur3
916 2197 1241 2246 memorandus
1281 2195 1401 2245 infrzi

49 2278 51 2281 ’
129 2259 252 2310 Hist.
273 2259 360 2320 IV,
386 2277 481 2321 403
521 2267 565 2309 δε
592 2264 642 2310 in
666 2261 777 2312 Vita
809 2262 1042 2324 Agricolae
1069 2262 1190 2329 Cap.
1213 2279 1293 2323 45.

196 2325 446 2376 Ementito.
458 2326 686 2377 Plutarch.
708 2327 819 2377 ibid.
838 2327 990 2378 Tacit.
1005 2328 1181 2378 Annal.
1193 2330 1308 2392 XV,
1322 2349 1347 2389 7
1358 2350 1401 2378 ε.

197 2456 323 2506 CAP.
356 2456 513 2508 XCII.
555 2459 689 2512 Mirti
728 2458 973 2508 celeritate.
1017 2460 1139 2509 Mira
1211 2461 1361 2509 uidem
1387 2499 1401 2520 ,

37 2514 41 2571 f
135 2522 241 2571 cnm
255 2524 399 2573 Icelus
419 2526 599 2580 libertus
619 2565 631 2586 ,
657 2525 712 2574 de
732 2531 826 2593 quo
851 2527 1022 2575 dictum
1039 2526 1170 2593 supr.i
1231 2546 1304 2593 ap.
1322 2523 1418 2586 885
1478 2525 1482 2529 ’

136 2592 317 2641 nuntius
348 2591 578 2645 advenerit
608 2591 801 2661 septimo
829 2592 901 2642 die
926 2595 1028 2661 post
1050 2595 1253 2643 Neronis
1275 2607 1414 2644 mor-⁴

1096 2659 1208 2720 Zii
