1637 2917
244 119 408 176 an.
446 114 605 175 XVI.
648 72 1131 175 ANNA-L1UM.
1234 135 1338 195 353

71 216 229 274 aehaec
256 215 642 273 monimenta!
667 213 836 294 Apud
859 214 1021 272 illum
1047 213 1309 274 nobilitas
1325 263 1342 288 ,

73 321 249 380 :nopes
273 345 289 369 ‚
326 298 618 380 ingenium
645 342 660 368 ‚
697 298 866 354 virtus
890 344 906 367 ‚
943 296 1094 356 sexus
1114 345 1131 369 ‚
1170 319 1292 357 :ctas
1322 347 1339 370 ,

71 383 229 439 awvita
254 379 367 462 ipsa
389 380 626 438 crimina
649 377 791 438 sunt.
821 382 924 438 Per
948 380 1059 437 haec
1085 380 1341 441 adversus

1365 231 1555 258 :a

1367 285 1560 329 A.U.(L

1411 359 1518 400 821.

1404 431 1440 469 L
1472 429 1576 468 C.-

69 486 288 544 wgenus
311 464 624 522 humanum
650 460 926 545 grassatur.
951 463 1199 521 Ruinam
1222 489 1344 523 om-
1429 499 1508 543 68.

69 547 278 605 :onibus
323 547 726 606 imminentem
769 553 884 626 jam
927 569 958 603 a
999 545 1174 604 Gallis
1214 570 1344 629 pto-

66 629 326 712 :npulsare
350 630 518 711 coepit
542 629 788 690 VindeX.
815 628 933 688 Alii
958 627 1171 687 abaliis
1189 676 1205 701 ,
1239 654 1344 712 ego

69 737 147 770 :oa
186 712 344 772 vobis
382 733 651 771 avertam.
696 710 957 783 CaesariS,
992 714 1350 794 Imperatoris

68 794 439 854 nonominibus
475 795 699 877 parcite.
741 796 847 854 Me
881 793 1097 854 senatfis
1124 796 1350 878 populi-

68 902 223 959 mque
246 881 497 938 Romani
522 879 772 961 legatum
798 875 905 939 effe
931 879 1206 937 memini:
1238 880 1347 938 hoc

66 962 229 1021 minei
272 963 520 1022 muneris
564 962 836 1034 nomine,
886 962 1111 1045 imperii
1152 962 1349 1045 majes-

65 1066 329 1117 aetatem‚
379 1069 748 1105 communem
797 1046 1060 1104 omnium
1112 1043 1347 1106 salutem

64 1130 255 1188 mtueri
286 1137 454 1209 juvat.
517 1130 668 1188 Novi
709 1152 802 1188 me
839 1154 869 1188 a
905 1131 1133 1188 Nerone
1175 1132 1348 1191 morti

64 1213 464 1273 mdestiiiattini.
514 1213 623 1272 Sed
658 1213 834 1273 vitam
869 1211 1152 1271 laboribus
1190 1237 1348 1273 exer-

63 1297 280 1354 aecitam
305 1342 323 1367 ,
368 1296 626 1378 periculis
667 1296 827 1354 finire
868 1297 1179 1376 egregium.
1225 1298 1347 1357 Vos

62 1379 333 1438 :orantum
355 1401 456 1461 pro
487 1377 660 1461 patria
680 1427 698 1451 ,
731 1401 833 1462 pro
853 1378 1023 1437 vestra
1046 1378 1350 1438 incolumi-

60 1484 220 1523 aotate
250 1456 694 1523 certanti'favete
713 1493 773 1522 υ.
819 1464 886 1521 In
909 1460 1081 1544 legati
1104 1462 1346 1523 admira-

62 1549 284 1607 tionem
301 1544 603 1626 laudesque
624 1545 816 1605 secutae
835 1568 998 1605 voces
1015 1546 1342 1608 innumerae.

60 1632 217 1690 Nero
245 1628 447 1688 odiosis
478 1629 721 1689 dicteriis
752 1627 1085 1688 cumulatur.
1123 1631 1345 1691 Omnia

62 1712 136 1773 ad
175 1712 446 1773 libertatis
482 1722 539 1774 δε
579 1711 883 1774 securitatis
915 1711 1342 1774 munimentum

62 1818 410 1879 apparantur.

154 1881 397 1938 LXXII.
448 1879 503 1936 N
525 1901 560 1935 o
577 1902 615 1937 N
634 1901 670 1936 D
689 1901 725 1936 U
745 1901 792 1937 M
833 1879 911 1938 ita
957 1876 1340 1943 fervescebant

57 1959 334 2043 Hispaniae
361 2009 378 2035 ,
430 1960 559 2018 cum
608 1961 831 2021 Italiam
885 1984 1209 2044 pervagatus
1262 1967 1339 2023 est

10 2109 14 2114 ,
59 2044 373 2105 Galliarum
413 2042 746 2105 defectionis
782 2068 993 2105 rumor.
1031 2046 1335 2128 Neapolim

59 2129 316 2212 pervenit
359 2128 452 2188 die
497 2126 615 2210 ipso
654 2177 672 2202 ,
734 2153 848 2210 quo
889 2130 1045 2189 Nero
1093 2151 1338 2192 matrem

60 2211 359 2271 occiderat.
407 2213 734 2294 Tamquam
761 2212 950 2272 laetum
982 2209 1336 2296 faustumque

56 2294 277 2375 aliquid
299 2292 483 2354 fuisset
507 2297 827 2355 nuntiatum
845 2345 862 2370 ,
885 2296 1067 2357 statim
1091 2299 1152 2357 in
1174 2323 1336 2381 gym-

4 2415 7 2418 -
60 2378 272 2438 nasium
320 2378 624 2461 progredi,
675 2378 1056 2461 certantesque
1103 2382 1338 2443 athletas

57 2460 314 2522 effusiore
338 2461 544 2542 gaudio
567 2460 808 2545 spectare
827 2511 844 2536 ‚
877 2464 1033 2546 quod
1063 2464 1335 2547 insperata

50 2544 496 2633 opulentissimas
523 2547 833 2633 provincias
867 2547 1150 2635 praedandi
1178 2547 1336 2611 causa
