1725 2983
47 243 241 269 ξιτ-ἘΞ

42 298 97 339 A.
118 297 164 333 U.
190 295 240 332 C.

40 404 46 425 ¹
72 369 198 427 5800.

80 442 123 482 J.
152 441 200 480 C.

95 520 184 567 47·

268 137 341 176 22
453 116 1352 179 C.C0RN1·:1.11.TAC1T1

266 218 391 276 filiis
410 215 752 275 familiarum
776 213 958 276 fenori
979 217 1176 278 darent
1201 245 1212 278 :
1237 213 1529 298 fontesque

264 323 531 382 aquarum
555 347 572 372 ,
607 300 677 358 ab
702 300 1032 359 Simbruinis
1053 303 1287 361 collibus
1318 301 1527 360 deduc-

266 406 350 443 tos
380 432 398 458 ,
442 383 587 442 Urbi
633 382 838 442 intulit.
901 382 986 441 Ac
1030 408 1199 445 novas
1242 386 1528 443 literarum

257 465 472 527 ‘formas
497 466 716 526 addidit
739 514 755 538 ‚
796 465 1152 548 vulgavitque
1179 495 1191 527 :
1236 487 1527 549 comperto

257 554 515 611 -Graecam
558 572 782 632 quoque
826 549 1168 610 literaturam
1211 574 1327 609 non
1366 547 1528 608 simul

252 655 501 717 coeptam
524 683 540 707 ‚
584 632 1023 714 absolutamque.

336 719 500 777 XIV.
544 720 761 774 PR1M1
806 738 902 797 per
946 716 1144 798 figuras
1196 713 1528 773 animalium

253 801 499 883 AEgyptii
546 797 726 857 sensus
777 799 980 857 mentis
1025 795 1368 878 effingebant
1419 800 1528 874 (ea

253 882 630 964 antiquissima
672 902 1043 940 monumenta
1088 881 1375 940 memoriae
1420 881 1528 938 hu·-

245 988 431 1025 ·manae
467 963 726 1049 impreffa
756 964 890 1024 saxis
920 973 1268 1037 cernuntur)
1314 972 1373 1023 δε
1406 991 1440 1015 tc
1461 962 1527 1021 li·-

246 1070 541 1109 nterarum
582 1046 759 1108 semet
799 1050 1116 1108 inventores
1141 1076 1174 1100 20
1209 1046 1524 1130 perhibent.

199 1164 209 1181 x
258 1132 447 1191 oelnde
493 1132 781 1190 Phoenicas
810 1181 827 1205 ‚
878 1133 1010 1212 quia
1054 1151 1194 1188 mari
1238 1129 1527 1222 praepolle-

248 1216 431 1274 aobant
469 1261 486 1287 ‚
543 1212 786 1274 intulisse
843 1214 1066 1273 Graeciae
1096 1232 1114 1285 ,¹
1174 1214 1527 1295 gloriamque

249 1298 526 1381 madeptos
561 1345 578 1369 ‚
642 1318 933 1378 tamquam
981 1297 1287 1378 repererint
1328 1343 1346 1367 ,
1404 1318 1526 1375 quae

240 1400 702 1464 wacceperantao.
753 1381 978 1463 Quippe
1022 1380 1174 1438 fama
1214 1380 1290 1438 est
1322 1378 1525 1436 oeCad-

240 1494 286 1519 ω
299 1489 459 1524 mum
479 1462 638 1522 classe
659 1464 989 1522 Phoenicum
1012 1468 1236 1522 vetitum
1251 1509 1266 1533 ‚
1294 1461 1524 1521 rudibus

249 1548 475 1607 »adhuc
498 1551 822 1606 Graecorum
853 1546 1070 1629 populis
1094 1546 1221 1604 artis
1252 1552 1367 1626 ejus
1393 1568 1523 1604 auc-

251 1651 481 1689 mtorem
524 1627 758 1689 fuiffeao.
845 1630 1099 1705 Quidam
1152 1631 1524 1710 «Cecropem

250 1710 704 1776 »Atheniensem
727 1760 743 1784 ,
781 1713 871 1771 vel
905 1714 1115 1770 Linum
1136 1711 1481 1770 Thebanum
1504 1758 1523 1784 ‚

251 1805 357 1856 »ὃς
385 1795 729 1877 temporibus
749 1795 1009 1874 Trojanis
1035 1792 1397 1852 Palamedem
1418 1793 1523 1852 Ar-
1544 1844 1547 1846 ,

255 1880 449 1962 givurn
467 1907 499 1930 ω
527 1897 919 1947 memorant‚oc
939 1874 1217 1933 sexdecim
1235 1875 1523 1936 literarum
1575 1880 1579 1885 ’

250 1960 508 2019 :informas
537 1982 554 2035 3
599 1982 731 2017 mox
762 1958 897 2017 alios
921 2006 937 2030 ‚
973 1981 1033 2015 ac
1072 1957 1405 2039 praecipuum
1437 1960 1520 2017 Si-

252 2042 596 2101 ·»monidem
613 2063 819 2101 ceteras
845 2039 1096 2124 reperisse
1112 2070 1144 2092 22
1158 2085 1171 2098 .
1186 2039 1264 2098 At
1285 2042 1343 2098 in
1361 2040 1522 2100 Italia

256 2124 466 2186 Etrusci
496 2125 564 2184 ab
587 2126 892 2185 Corinthio
922 2126 1233 2183 Demarato
1255 2170 1271 2194 ‚
1311 2123 1523 2182 Abori-

298 2210 414 2268 ines
437 2208 657 2269 Arcade
687 2208 756 2267 ab
784 2207 1039 2268 Evandro
1066 2206 1382 2266 didicerunt
1407 2232 1420 2265 ε
1459 2215 1521 2269 δε

257 2232 452 2351 ἓοῑιῃεε
503 2291 674 2351 literis
723 2292 935 2352 Latinis
973 2339 990 2363 ‚
1042 2313 1162 2372 quae
1205 2291 1519 2350 veterrimis

257 2377 599 2435 Graecorum.
635 2376 743 2434 Sed
770 2375 930 2436 nobis
955 2397 1178 2455 quoque
1201 2396 1381 2455 paucae
1404 2375 1520 2455 pri-

255 2458 421 2517 mum
458 2455 649 2518 fuer-e:
699 2459 906 2519 deinde
945 2457 1143 2516 additae
1181 2455 1321 2516 sunt.
1383 2459 1517 2532 Quo

259 2540 518 2623 exemplo
561 2540 833 2604 Claudius
886 2563 993 2604 tres
1039 2540 1222 2602 literas
1271 2539 1474 2624 adjecit
1491 2585 1514 2612 ,
