1637 2917
376 120 838 173 'ANN'AL1UM
902 111 1171 169 NoTAE.
1296 114 1413 189 '485

134 198 252 260 Ner.
276 209 399 278 Cap.
421 219 497 260 16.
531 210 741 261 Formam
768 209 1061 275 aedificiorum
1085 207 1228 258 Urbis
1252 225 1422 257 novam

136 277 420 343 excogitavit
440 315 453 338 ,
490 276 539 327 ὓ*
567 294 615 326 uc
639 290 747 325 ante
769 275 940 339 insulas
962 292 1017 322 ac
1044 275 1193 323 domos
1212 275 1417 335 porticus

136 342 302 407 efflat,
340 341 394 392 de
429 360 618 408 quarum
638 341 827 409 Jblariis
859 340 1075 390 incendia
1112 355 1412 390 arceremur:

134 409 292 473 eafiyue
308 409 493 474 fitmptu
513 411 597 475 suo
634 406 871 476 exstruxit.

197 472 459 540 Finivitque
492 490 689 537 tempus.
724 474 848 522 Intra
890 472 1017 539 quod
1040 511 1051 531 ‚
1092 477 1171 541 qui
1209 473 1372 522 domos
1399 508 1418 536 5

131 555 211 588 aut
248 539 413 590 insulas
438 580 451 602 ‚
482 538 723 591 effecissent
741 578 755 602 ,
790 541 981 606 praemia
1013 538 1383 604 adipiscerentur.

197 603 328 655 Saxo
369 607 555 659 Gabino
595 603 1090 658 Albanove.‘Gabinae
1127 606 1420 673 Albanaeque'

132 670 393 737 lapidicinae
412 673 534 722 Urbi
556 676 776 739 proximae
790 712 802 733 ‚
833 688 1028 739 quarum
1047 671 1163 734 lapis
1180 710 1192 731 ‚
1225 689 1272 720 ut
1292 673 1417 720 mol·

130 738 221 785 lior
242 777 254 798 ,
289 740 472 805 ignibus
499 741 560 786 est
583 741 831 804 impervius
855 758 865 785 ε
908 735 1066 785 contre}
1090 735 1294 785 duriores
1319 738 1414 785 Ti-

131 804 300 853 burtini
320 805 496 869 lapides
509 844 522 866 ‚
544 807 655 872 igne
675 806 783 853 taffi
798 843 810 865 ,
833 803 1046 852 dissiliunt
1066 809 1110 849 ὃς
1132 802 1417 869 diffipantur.

127 867 314 921 vitruv.
337 871 382 919 II
397 910 410 932 ,
433 890 480 930 7.
506 871 669 920 Strabo
699 870 767 930 V⁷
795 887 907 936 pag.
935 873 1044 932 238.

148 935 153 939 ’
197 935 513 986 Ambirenrur.
568 937 855 986 Communio
894 937 1122 1002 parietum
1164 936 1260 997 jam
1298 937 1419 984 olim»

129 1004 267 1051 vetita
288 1021 305 1064 3
334 1005 532 1071 legeque
556 1020 640 1052 ΧΠ
661 1002 946 1050 Tabularum
981 998 1201 1048 sancitum
1232 1018 1279 1050 ut
1305 1000 1413 1066 spa-

133 1069 245 1116 tium
275 1072 392 1117 inter
426 1070 592 1118 domos
630 1067 848 1118 insulasve
884 1069 934 1115 in
971 1067 1258 1115 latitudinem
1296 1068 1416 1115 duos·

128 1134 271 1198 pedes
296 1142 339 1183 δε
361 1133 582 1185 semissem
607 1151 813 1202 pateret,
847 1134 906 1182 ad
927 1133 1190 1181 liberiorem
1214 1136 1414 1182 circum-

127 1201 269 1250 eundi
299 1201 576 1251 facultatem.
617 1201 834 1251 Ambitus
848 1199 1073 1261 parietum
1078 1198 1311 1265 sestertius
1329 1217 1412 1262 pes

8 1284 11 1287 ·
68 1305 73 1311 .
126 1266 230 1331 esto.
276 1267 400 1318 Vide
425 1269 650 1318 eruditum
673 1266 948 1317 Briffonium
968 1304 983 1328 ‚
1018 1266 1206 1315 Sele6³cae
1229 1283 1284 1315 ex
1313 1283 1413 1330 jure

131 1334 253 1382 civili
279 1334 589 1402 Antiquitates
613 1336 667 1394 Ι,
706 1355 747 1383 2.

193 1398 491 1448 Salubritati.
533 1401 727 1450 Constat
761 1399 910 1448 adhuc
947 1397 1233 1446 medicorum
1263 1415 1410 1463 expe-

134 1465 298 1514 rientia
331 1465 493 1515 Romae
517 1468 670 1532 plures
696 1465 785 1514 effe
807 1465 1122 1531 aegrosaestate
1143 1466 1192 1512 in
1210 1464 1283 1512 via
1302 1464 1413 1512 sub-

127 1531 248 1579 urbii
284 1533 394 1580 novi
414 1570 428 1592 ‚
473 1548 573 1597 quae
596 1533 733 1579 latior
759 1532 822 1578 est
839 1568 852 1588 ,
885 1528 1024 1596 quam
1047 1533 1096 1576 in
1119 1529 1192 1576 via
1211 1528 1411 1578 suburbii

125 1599 289 1644 veteris
320 1598 596 1664 angustiore.
641 1596 764 1646 Vide
791 1593 1101 1658 Manelphum
1126 1593 1380 1643 Eretanum
1395 1633 1416 1656 5

128 1659 296 1726 Mensa
320 1662 534 1712 Romana
552 1703 564 1725 ,
593 1680 703 1730 pag.
726 1681 770 1721 4.
806 1661 915 1710 scili
925 1676 989 1708 :et
1007 1660 1166 1725 patula
1187 1660 1379 1710 latitudo
1393 1699 1410 1723 ‚

127 1728 254 1777 nulla
277 1730 436 1778 umbra
455 1729 636 1779 defensa
658 1768 671 1792 ‚
707 1730 922 1796 graviore·
941 1728 1048 1775 aestu
1069 1725 1272 1781 ardeficit.

127 1856 321 1977 OCAP.
348 1861 534 1915 XLIV.
572 1860 710 1924 Apud
738 1860 993 1925 proximum
1031 1874 1176 1908 mare.
1213 1857 1273 1908 Et
1300 1857 1410 1909 sane
1478 1896 1482 1897 γ

185 1929 290 1976 stiae.

194 1992 494 2061 Sellisternia.
529 1994 700 2042 Ledros
728 1991 822 2039 deis
842 2031 855 2051 ,
889 1990 1016 2040 sellas
1048 1989 1214 2038 deabus
1238 1991 1409 2056 pofitas

125 2057 253 2108 fuisse
281 2099 293 2120 ‚
326 2076 376 2108 ut
399 2059 457 2107 ad
480 2077 642 2108 cenam
662 2060 1120 2123 invitarentur‚patet
1141 2074 1195 2104 ex
1213 2056 1407 2106 Valerio

126 2121 340 2173 Maximo
377 2125 456 2186 ΙΙ,
501 2143 519 2173 1
550 2164 564 2187 ,
591 2144 719 2174 num.
758 2144 801 2172 2.
862 2124 975 2172 Inde
1014 2124 1287 2171 leClisternia
1311 2163 1323 2184 ‚
1362 2130 1408 2171 ὃς

125 2189 415 2250 sellisternia,
439 2208 635 2259 quorum
655 2191 820 2258 religio
836 2229 848 2248 ,
868 2191 928 2237 ob
951 2187 1250 2238 insanabilem
1268 2191 1406 2254 pesti·-

124 2257 259 2306 lentis
281 2258 436 2305 aestatis
459 2261 711 2322 perniciem
727 2277 745 2318 ’,
779 2274 807 2304 a
830 2255 1054 2304 Romanis
1076 2256 1159 2303 fuit
1184 2273 1361 2321 reperta
1388 2275 1404 2319 3

128 2337 179 2372 nt
199 2324 352 2371 videre
371 2323 433 2369 est
455 2324 577 2388 apud
595 2323 782 2372 Livium
800 2321 865 2383 V,
895 2340 970 2383 13.

193 2387 287 2437 Per
308 2388 505 2455 flagitia
535 2390 718 2454 inviffis.
755 2386 882 2437 Ritus
907 2387 1126 2455 Baptismi
1152 2395 1196 2437 δε
1217 2386 1403 2435 Eucha-

125 2454 256 2502 ristiae
278 2493 290 2514 ,
328 2456 447 2502 clam
483 2473 510 2503 a
547 2455 816 2505 Christianis
855 2456 1103 2517 celebrati,
1146 2471 1247 2502 eam
1288 2454 1402 2502 olim

128 2519 314 2568 movere
335 2520 552 2577 invidiam
577 2561 589 2582 ‚
616 2537 665 2570 ut
683 2520 883 2569 infandae
901 2523 1192 2588 impudicitiae
1214 2524 1257 2564 &
1282 2518 1398 2565 abo-

123 2585 356 2644 minandae
377 2587 645 2639 crudelitatis
674 2590 740 2638 rei
756 2587 1044 2641 haberentur.
1078 2586 1191 2635 Inde
1211 2583 1401 2634 Tacitus

1111 2650 1162 2702 X
1194 2650 1244 2716 iij
