1725 2983
368 125 1190 190 ANNAL1UML1B.XII.
1352 122 1422 207 ἐς

152 225 474 312 »delegerit
491 259 524 284 ιο
537 274 550 287 .
597 228 775 288 Simul
800 228 1010 312 legatos
1040 228 1334 312 literasque
1358 229 1430 289 ad
1447 251 1642 291 Ξ

157 311 434 373 Caesarem
454 315 512 372 in
528 314 674 372 hunc
696 313 935 371 modum
953 314 1157 373 mittit:
1180 343 1212 366 cc
1232 313 1429 395 Populi
1447 312 1499 355 A.
1517 315 1568 354 U·
1588 313 1646 355 C·

156 397 449 456 »Romani
502 395 930 478 imperatoribus
984 419 1428 480 magnarumque

152 481 493 539 »nationum
517 479 740 563 regibus
762 527 778 552 ‚
816 480 1057 560 primam
1081 503 1146 539 ex
1176 481 1429 541 similitu-

153 563 332 622 mdine
353 561 585 622 fortunae
606 563 940 622 amicitiam:
962 561 1063 621 fibi
1087 573 1144 624 &
1163 563 1428 639 Claudio,

152 648 370 706 suetiam
395 648 862 706 communionem
886 647 1127 705 victoriae
1151 647 1277 707 effe.
1303 648 1429 708 Bel-

150 730 384 788 :nlorum
428 732 681 814 egregios
727 730 865 788 fines
889 778 905 802 ‚
950 732 1208 811 quotiens
1247 731 1431 813 ignos-

152 813 380 873 aocendo
403 813 745 897 transigatur.
782 814 868 872 Sic
888 811 1106 872 Zorsini
1122 815 1270 874 victo
1285 815 1433 874 nihil

151 926 186 951 ω
199 918 470 978 ereptum.
488 900 595 956 Pro
612 897 953 956 Mithridate
972 899 1199 978 quando
1212 899 1431 981 gravius

149 1002 506 1041 :umereretur
525 1029 541 1053 ‚
566 1005 679 1040 non
702 983 1033 1063 potent-iam,
1055 1005 1170 1041 non
1188 1004 1428 1064 regnum

145 1094 184 1120 ω
193 1066 403 1145 precari
430 1089 447 1142 3
496 1063 593 1123 sed
641 1088 712 1124 ne
760 1065 1193 1146 triumpharetur
1217 1113 1235 1139 ,
1284 1087 1431 1126 neve

146 1171 381 1230 :npoenas
412 1149 589 1229 capite
626 1147 1036 1229 expenderet».

234 1233 366 1290 XX.
389 1230 480 1289 Ar
502 1233 815 1290 CLAUDms
841 1280 858 1304 ,
885 1254 1232 1313 quamquam
1260 1230 1430 1290 nobi-

147 1313 397 1373 litatibus
422 1315 658 1374 externis
684 1315 835 1373 mitis
857 1363 874 1387 ‚
895 1315 1173 1374 dubitavit
1199 1336 1387 1374 tamen
1405 1362 1425 1388 ‚

147 1397 395 1479 accipere
422 1399 704 1480 captivum
729 1403 890 1480 pacto
912 1398 1096 1458 salutis
1112 1447 1128 1471 ,
1167 1422 1237 1456 an
1266 1422 1425 1480 repe-

147 1502 265 1541 tere
303 1482 470 1541 armis
495 1530 513 1555 ,
552 1483 751 1542 rectius
783 1480 948 1542 foret.
992 1486 1118 1542 Huc
1145 1481 1310 1540 dolor
1334 1484 1427 1542 in-

139 1565 412 1647 juriarum
443 1613 461 1639 ,
512 1575 571 1627 &
616 1565 795 1625 libido
846 1566 1101 1626 vindistae
1143 1565 1427 1648 adigebat.

146 1648 256 1708 Sed
275 1647 644 1709 disserebatur
663 1649 854 1708 contra
877 1677 890 1708 :
927 1679 960 1702 nc
980 1648 1185 1730 Suscipi
1205 1649 1423 1708 bellum

145 1732 316 1790 »avio
341 1732 541 1791 itinere
565 1779 581 1804 ‚
621 1730 969 1813 importuoso
999 1734 1140 1791 mari
1166 1758 1180 1790 z
1217 1732 1288 1791 ad
1314 1733 1431 1792 hoc.

144 1836 346 1898 areges
398 1812 611 1874 feroces
638 1838 656 1892 3
703 1838 872 1897 vagos
916 1815 1152 1896 populos
1181 1838 1199 1891 3
1241 1814 1431 1875 solum

143 1895 419 1980 aefrugum
448 1921 654 1981 egens:
697 1918 819 1956 tum
855 1898 1083 1957 taedium
1124 1921 1190 1958 ex
1226 1899 1428 1971 mora,

142 1980 524 2063 mpericulaex
554 1982 905 2065 properantia
931 2006 950 2061 3
990 1982 1279 2042 modicam
1309 1983 1432 2044 vic-v

142 2065 401 2125 autoribus
425 2064 655 2126 laudem
681 2112 699 2137 ‚
743 2088 804 2125 ac
843 2066 1091 2125 multum
1132 2063 1378 2126 infamiae
1403 2094 1427 2140 ,’

142 2142 227 2206 20st
258 2147 595 2231 pellerentur
618 2175 631 2208 ι
657 2151 796 2230 quin
820 2151 1085 2232 arriperet
1110 2149 1332 2224 oblata,
1364 2159 1425 2212 &-

142 2230 425 2293 mservaret
445 2232 689 2293 exsulem
711 2258 723 2290 ε
761 2235 850 2292 cui
879 2235 977 2292 ino
1019 2234 1038 2292 i
1063 2236 1275 2316 quanto
1297 2234 1426 2293 lon-

142 2345 177 2371 a>
189 2317 405 2398 giorem
421 2318 596 2376 vitam
611 2365 629 2388 ,
649 2319 806 2375 tanto
821 2316 944 2398 plus
960 2257 1211 2399 siipplicii
1224 2316 1346 2378 fore
1360 2347 1395 2371 ω
1406 2362 1423 2377 ,

142 2401 246 2460 His
264 2422 549 2481 permotus
563 2449 580 2474 ,
598 2399 803 2482 scripsit
819 2402 1071 2474 Eunoni,
1101 2429 1136 2453 οε
1152 2402 1421 2460 meritum

143 2475 423 2565 mquidem
472 2484 761 2544 noviffima
804 2485 1059 2568 exempla
1106 2483 1422 2544 Mthrida-

143 2589 309 2629 :ntem
343 2614 362 2641 ‚
409 2591 512 2630 nec
562 2567 665 2630 fibi
715 2569 836 2631 vim
879 2570 951 2630 ad
997 2565 1429 2651 exsequendum

1489 390 1597 433 802.

1483 469 1523 508 J.
1549 468 1604 509 C.

1503 553 1588 603 42·
