1637 2917
303 139 1127 202 ‘ANNAMUM'No-rffl.
1253 152 1380 216 4272

168 242 293 293 CAP.
319 240 435 289 XX.
482 237 703 302 Refutare
741 237 965 286 tenebras.
1011 237 1248 286 Tenebras
1275 277 1289 298 ,
1326 239 1376 286 «Sc

102 312 286 357 noctem
311 307 525 355 convivio
558 305 819 370 vigilatam,
853 305 1102 369 omniaque
1132 306 1372 352 temeritati

100 381 149 421 δε
185 373 367 422 inscitiae
408 372 664 437 propiora,
706 365 1041 416 accusationem
1066 369 1274 417 refutare.
1317 369 1373 416 Id

94 442 225 487 enim
250 441 467 504 temporis
500 434 713 503 delegisse
744 431 1021 482 accusatores
1041 475 1053 497 ‚
1086 453 1144 482 ne
1166 453 1192 482 a
1212 434 1370 483 sobriis

32 539 33 542 =
99 511 145 553 &
169 505 461 569 vigilantibus
487 502 649 551 falsitas
679 497 1034 569 agnosceretur3
1063 517 1109 549 ut
1134 502 1254 550 recte
1286 519 1370 550 ex-

98 559 242 635 plica}
270 572 428 620 illustr.
461 569 675 618 Huetius.

163 697 290 750 CAps
316 700 456 749 XXI.
495 699 717 749 Baiarum
738 697 931 761 suarum
959 694 1176 761 piscinas.
1211 699 1331 748 Baiae
1354 711 1372 759 ,’

93 784 220 814 nunc
251 765 440 832 Castello
476 765 520 812 di
555 765 676 814 Βαία
701 803 715 822 ,
752 766 800 811 in
837 762 1098 828 Campania
1127 802 1140 824 ‚
1179 763 1367 831 sinuque

90 830 365 879 Puteolano.
404 831 471 878 Ibi
498 828 859 896 splendidiffimae
875 830 1195 878 Romanorum
1222 832 1365 890 villae,

90 895 276 963 piscinae
309 898 518 962 plurimae
537 936 549 956 ‚
597 914 790 964 quarum
824 895 879 943 de
905 896 1222 961 magnitudine
1253 914 1368 963 que-

92 964 204 1010 ritur
223 963 395 1011 Plinius
420 962 617 1023 XVIII,
645 983 688 1009 2.
722 961 919 1023 Quantis
940 978 1092 1009 autem
1119 962 1367 1026 impendiis

92 1027 287 1094 piscinas
310 1029 611 1088 extollerent,
641 1027 687 1076 id
715 1029 777 1074 est
792 1027 1081 1075 *adornarent
1098 1066 1111 1088 ,
1138 1027 1367 1089 Romani,

94 1095 195 1145 vide
220 1095 344 1161 apud
368 1094 581 1143 eumdem
599 1094 799 1142 Plinium
819 1093 892 1142 IX
911 1133 924 1155 ‚
955 1110 1030 1154 54.

157 1227 284 1277 CAP.
314 1227 476 1277 XXII.
514 1227 568 1277 C.
592 1225 804 1278 Balbillo.
837 1226 880 1274 Is
906 1224 1021 1286 fuit,
1053 1226 1158 1274 teste
1187 1223 1362 1275 Seneca

90 1292 263 1357 Quaest.
290 1295 339 1342 N
343 1312 453 1343 atur.
478 1294 566 1354 IV,
596 1314 640 1342 2.
663 1294 874 1350 „virorum
899 1292 1086 1355 optimus
1112 1332 1127 1354 ,
1165 1291 1214 1340 in
1239 1289 1360 1342 omni

86 1358 323 1409 literarum
350 1378 518 1426 genere
554 1359 814 1423 rar-illimus.

151 1425 451 1492 Relegantur.
485 1426 563 1474 De
585 1425 737 1472 exsilio
760 1463 773 1485 ‚
809 1424 1089 1490 relegatione
1117 1428 1160 1470 &
1190 1422 1362 1487 depor-

20 1509 24 1511 ’
86 1494 257 1543 tatione
278 1489 375 1540 fuse
396 1495 472 1558 egi
490 1494 537 1539 in
556 1494 710 1556 priore
733 1491 932 1538 editione
949 1529 961 1550 ,
986 1490 1130 1537 Tom-
1148 1489 1192 1536 II
1211 1528 1224 1548 ‚
1247 1505 1358 1554 pag.

86 1574 200 1618 415„
238 1556 336 1605 Hic
363 1557 410 1603 fit
440 1556 539 1604 satis
574 1554 833 1603 summatim
863 1553 1087 1602 monuisse
1111 1554 1234 1619 apud
1255 1554 1360 1601 Ro-

91 1641 257 1672 manos
308 1622 545 1682 exsilium„
590 1623 922 1688 relegationem
945 1660 956 1681 ‚
995 1620 1364 1685 deportationem

84 1687 213 1738 fuiffe
240 1687 426 1736 diversa.
461 1686 596 1736 Exsul
621 1690 848 1736 civitatem
866 1726 878 1747 ‚
900 1689 1096 1751 patriam
1118 1689 1166 1734 in
1190 1686 1360 1734 liberos

82 1756 352 1821 potestatem
375 1794 388 1816 ,
434 1756 685 1802 testamenti
726 1753 923 1802 faciendi
964 1754 1032 1814 jus
1058 1791 1071 1813 ‚
1112 1754 1235 1800 bona
1256 1790 1268 1811 ‚
1312 1758 1359 1799 &
1411 1807 1413 1809 ¹

83 1824 243 1869 omnia
261 1823 456 1869 omnino
480 1823 579 1882 jura
603 1819 677 1868 sua
705 1819 951 1868 amittebat.
970 1819 1215 1886 Relegatus
1239 1817 1358 1866 nihil

83 1888 318 1935 amittebat
341 1925 354 1946 ‚
393 1889 441 1933 ni
474 1888 590 1934 forte
624 1904 752 1952 parte
789 1886 1020 1933 bonorum
1057 1886 1356 1945 multaretur,

83 1953 140 2001 ab
178 1953 287 2000 urbe
323 1951 499 1999 tantum
534 1953 684 2000 Roma
718 1954 867 2000 aliove
901 1952 1008 1999 loco
1042 1951 1189 1999 abesse
1223 1968 1358 1999 tene-

81 2019 225 2067 batur.
259 2019 538 2083 Deportatio
557 2057 570 2078 ‚
597 2018 653 2065 ab
677 2018 887 2084 Augusto
914 2033 1093 2081 reperta
1120 2056 1132 2077 ‚
1162 2015 1357 2083 ipsoque

82 2084 237 2132 exfilio
274 2086 458 2150 gravior
488 2083 586 2132 fuit.
633 2083 761 2132 Nam
782 2099 943 2148 praeter
963 2100 1110 2131 cetera
1130 2085 1178 2131 in
1199 2082 1354 2130 exsilio

81 2149 211 2199 solita
226 2189 238 2210 ‚
266 2148 711 2198 circumscribebatur
727 2148 962 2198 habitandi
979 2150 1108 2198 locus
1127 2169 1137 2196 ε
1163 2148 1355 2198 infamia

7 2259 10 2261 Α
81 2233 270 2285 quoque
308 2213 424 2280 saepte
458 2216 611 2264 addita
634 2255 646 2275 ,
688 2215 794 2264 crim
833 2217 974 2264 vincti
1018 2215 1354 2281 compedibus,

83 2291 127 2331 &
159 2282 290 2330 servis
323 2281 516 2346 publicis
551 2282 730 2342 traditi,
771 2282 1132 2348 deportarentur.
1179 2283 1236 2329 In
1266 2281 1354 2331 hac

80 2348 428 2413 tamenllegum
463 2345 691 2396 severitate
718 2386 730 2408 ‚
775 2348 882 2396 cum
919 2366 1069 2397 mores
1103 2347 1162 2396 ad
1193 2349 1352 2397 luxum

35 2412 49 2416 ”
79 2416 302 2464 deflexere
322 2451 334 2473 ‚
366 2413 507 2462 multa
527 2416 611 2462 reis
633 2413 860 2479 permissa.
884 2413 998 2462 Inde
1018 2453 1031 2475 ,
1067 2413 1172 2463 crim
1190 2431 1351 2464 eorum

78 2498 192 2546 opes
216 2478 480 2527 formidaret
498 2479 728 2546 Augustus
749 2519 762 2541 ‚
788 2482 928 2528 vetuit
947 2498 1007 2529 ne
1030 2483 1128 2548 quis
1156 2497 1315 2526 eorum
1335 2518 1349 2539 ‚

16 2583 18 2585 .
74 2545 242 2612 quibus
263 2545 380 2612 aqua
396 2551 440 2592 &
459 2547 558 2612 igni
578 2544 1005 2606 effetinterdicfflrn,
1023 2549 1071 2595 in
1093 2547 1349 2594 continenti

72 2612 294 2681 degeret,
336 2625 412 2663 aut
435 2613 488 2663 in
511 2610 656 2666 insula
682 2613 804 2678 ulla,
835 2611 919 2663 nisi
946 2629 1045 2681 quae
1071 2611 1187 2662 ultra
1209 2612 1355 2678 quin«,
