1659 2917
255 149 714 194 ‘ANNAMUM
763 132 929 189 LIB.
975 133 1137 191 XIII.
1227 154 1332 190 121

72 250 181 295 vox
218 232 419 314 pariter
455 238 512 290 δε
555 227 771 310 spiritus
807 250 1144 313 raperentur.
1198 233 1341 290 Tre-
1365 248 1560 273 εἳ·

75 316 296 398 pidatur
333 338 364 372 a
406 309 938 384 circumsedentibus
968 359 984 384 ,
1039 312 1341 394 diffugiunt
1363 307 1412 346 A.
1434 306 1555 347 ΨΒ·

73 397 475 480 imprudentes
493 395 572 454 At
589 395 791 475 quibus
811 394 974 452 altior
995 395 1305 454 intellectus
1324 445 1339 468 ‚

75 482 322 540 resistunt
365 479 577 550 defixi,
617 486 675 537 δε
714 478 1004 537 Neronem
1044 479 1341 538 intuentes·

76 563 179 624 Ille
206 612 223 636 ‚
266 584 326 622 ut
353 583 468 622 erat
497 561 715 620 reclinis
743 609 760 632 ,
795 569 853 621 &
892 561 1075 620 nescio
1114 560 1304 620 similis
1326 609 1344 634 ,

0 679 1 682 =
85 646 369 705 oesolitum
416 647 574 716 itan,
617 644 731 715 ait,
783 667 935 725 ceper
993 644 1346 703 comitialem

56 730 386 806 *mmorbum
410 776 427 801 ‚
468 750 581 807 quo
609 727 858 810 primum
886 728 954 786 ab
986 725 1223 785 infanti&
1252 728 1348 785 ad-

75 814 416 871 „metaretur
476 811 823 869 Britannicus
868 857 885 882 ‚
944 819 1006 870 &
1071 812 1348 869 redituros

76 927 112 951 σι
123 895 412 979 paullatim
441 892 582 952 visus
611 891 900 974 sensusque
923 923 980 952 ο).
1025 894 1102 952 At
1138 893 1347 976 Agrip-

79 979 218 1063 pinae
256 980 299 1037 is
337 999 504 1062 pavor
531 1026 546 1050 ,
603 1000 667 1035 ea
699 978 1066 1035 consternatio
1088 981 1300 1036 mentis
1329 1025 1351 1049 ,

79 1063 333 1144 quamvis
363 1060 519 1119 vultu
554 1081 900 1141 premeretur
920 1107 936 1131 ‚
975 1061 1206 1119 emicuit
1229 1109 1244 1132 ,
1289 1083 1351 1120 ut

81 1146 313 1229 perinde
351 1146 603 1225 ignaram
635 1139 792 1201 fuiffe
814 1191 830 1214 ‚
874 1166 933 1200 ac
957 1141 1204 1203 sororem
1227 1144 1352 1201 Bri-

84 1229 294 1288 tannici
342 1227 642 1286 Octaviam
667 1272 683 1296 ‚
738 1227 1041 1284 constiterit
1075 1249 1086 1281 ε
1143 1227 1352 1309 quippe

84 1312 184 1371 fibi
237 1309 560 1392 supremum
607 1308 875 1367 auxilium
924 1330 1180 1392 ereptum
1217 1338 1234 1382 ·,
1293 1320 1356 1370 &

82 1394 363 1480 parricidii
386 1390 707 1474 exemplum
729 1391 1097 1475 intelligebat.
1116 1395 1356 1451 Octavia

84 1500 310 1560 quoque
334 1525 349 1548 ‚
393 1476 647 1557 quamvis
685 1475 913 1534 rudibus
953 1478 1109 1535 annis
1133 1524 1150 1548 ,
1187 1476 1356 1534 dolo-

82 1584 202 1621 rem
225 1610 241 1633 ‚
281 1561 570 1618 caritatem
594 1606 610 1630 ‚
644 1582 841 1618 omnes
870 1557 1096 1618 affectus
1123 1558 1356 1617 abscon-

85 1644 217 1704 dere
247 1643 538 1702 didicerat.
590 1644 677 1699 Ita
706 1644 821 1722 post
843 1643 1010 1716 breve
1035 1641 1315 1701 silentium
1338 1689 1358 1714 ,

86 1727 321 1809 repetita
347 1723 590 1783 convivii
613 1722 815 1782 laetitia.

166 1810 357 1868 XVII.
382 1809 535 1865 'Nox
579 1805 780 1865 eadem
818 1829 1017 1865 necem
1053 1807 1358 1866 Britannici

89 1899 148 1952 δε
171 1903 370 1973 rogum
393 1889 679 1968 conjunxit
697 1937 712 1961 ‚
741 1888 956 1966 proviso
984 1892 1108 1947 ante
1135 1889 1359 1949 funebri

89 1996 278 2058 paratu
294 2023 308 2046 ‚
332 1974 430 2054 qui
451 1970 706 2030 modicus
725 1968 847 2031 fuit.
863 1976 927 2030 In
946 1997 1143 2055 campo
1166 1995 1360 2032 tamen

18 2099 25 2110 -
90 2059 294 2119 Martis
321 2055 559 2138 sepultus
584 2056 658 2114 est
682 2104 697 2128 ‚
733 2056 875 2114 adeo
901 2056 1136 2115 turbidis
1161 2057 1363 2115 imbri-

90 2142 194 2201 bus
215 2189 231 2212 ,
269 2161 329 2199 ut
359 2139 553 2221 vulgus
581 2139 721 2198 iram
746 2138 919 2198 deum
949 2140 1211 2222 portendi
1245 2163 1363 2200 cre—

28 2256 30 2260 *
95 2223 304 2283 diderit
357 2221 612 2283 adversus
661 2220 872 2281 facinus
902 2270 918 2294 ‚
974 2223 1063 2281 cui
1110 2223 1365 2306 plerique

96 2307 269 2367 etiam
308 2305 607 2362 hominum
646 2305 1006 2388 ignoscebant
1041 2354 1056 2377 ,
1111 2309 1368 2388 antiquas

98 2387 335 2449 fratrum
355 2385 652 2447 discordias
669 2437 684 2460 ,
705 2398 763 2449 δε
785 2388 1104 2448 insociabile
1129 2414 1368 2474 regnum

102 2472 443 2530 aestimantes,
461 2471 722 2532 Tradunt
745 2473 995 2555 plerique
1013 2495 1209 2534 eorum
1234 2496 1369 2532 tem-

104 2577 323 2695 porum}
336 2551 620 2635 scriptores
643 2604 661 2630 ‚
701 2583 733 2608 ec
751 2557 954 2619 crebris
980 2578 1108 2617 ante
1137 2558 1368 2616 exitium

321 2660 424 2696 om.
464 2640 574 2696 III.
1115 2642 1152 2700 F

1409 381 1518 424 808.

1427 541 1507 590 552
