1637 2917
322 190 795 252 ἈΝΝΑιῐυΜ
849 171 1112 231 No’rAE'.
1245 185 1371 253 477'J

153 275 315 343 Qudm
344 269 589 333 captivum.
618 273 691 323 Ac
715 271 858 320 ferme
891 274 1140 336 captivum.

154 405 281 454 Cir.
302 404 470 454 XXX.
491 403 635 454 Initia
659 401 940 468 vigiliarum.
961 403 1103 469 Apud
1121 403 1360 456 Romanos

91 489 192 521 nox
207 473 256 520 in
281 488 476 539 quatuor
497 472 676 537 vigilias
704 468 760 516 ad
782 467 1067 534 clepsydram
1087 485 1180 518 erat
1198 470 1369 535 divisa5

88 544 144 586 ὅ(
165 537 298 600 cujus
324 557 380 587 ue
410 539 576 604 vigiliae
604 536 782 602 lignum
803 535 852 583 in
876 535 1023 582 castris
1045 535 1232 583 dabatur
1255 539 1371 586 tubae

95 603 228 652 sono.
264 557 386 655 tide
410 604 528 652 infra}
549 602 669 651 Hist.
692 602 737 650 II
755 639 769 662 ,
795 617 870 657 29.
902 606 947 648 &
967 602 1101 667 plura
1122 601 1244 666 apud
1268 603 1373 656 Ve-

95 672 270 736 getium
305 671 406 730 III,
448 674 490 717 8.

164 734 437 785 Convivium
452 732 647 781 buccina
666 730 851 782 dimitti.
866 730 1003 780 Teste
1016 731 1213 799 Polybio
1232 734 1372 797 XIV,

94 818 209 867 pag.
234 804 353 860 680,
389 799 504 846 hora
536 814 659 845 cenae
684 798 997 846 buccinatores
1029 816 1192 847 omnes
1225 807 1270 847 &
1295 817 1375 849 tu-

95 869 269 914 bicines
301 867 424 929 juxta
457 865 722 932 praetorium
753 866 1042 927 concinunt3
1074 866 1297 931 quoniam
1324 866 1374 915 id

95 946 277 997 ternpus
320 933 382 980 est
414 970 426 991 ,
484 929 670 999 quando
710 931 946 978 nocturnae
990 933 1156 998 vigiliae
1197 935 1247 980 in
1287 931 1376 980 suis

94 1014 294 1067 quaeque
328 999 442 1046 locis
475 1004 520 1045 &
548 996 812 1044 stationibus
851 998 1152 1046 collocantur.
1192 997 1376 1050 Verum

95 1065 225 1129 juxta
244 1063 494 1132 Polybium
526 1079 631 1111 ante
660 1079 823 1112 cenam
852 1062 1031 1130 signum
1061 1063 1230 1113 dabant
1257 1064 1377 1113 tubi-

97 1134 243 1179 eines.
267 1128 457 1179 Tacitus
478 1127 586 1179 vero
611 1131 672 1177 ait
695 1131 957 1178 convivium
982 1130 1174 1179 buccina
1196 1131 1377 1180 dimitti.

97 1196 218 1246 Haec
239 1198 438 1262 explices
461 1235 474 1256 ‚
508 1195 539 1243 fi
563 1211 773 1261 tempora
799 1195 1066 1244 distinxeris.
1109 1188 1378 1246 Oli1n“h0ra

78 1262 372 1311 “duodecima
401 1262 647 1310 cenabatur
667 1299 679 1322 ‚
715 1278 914 1328 tuncque
949 1264 1185 1310 nosturnae
1208 1264 1377 1330 vigiliae

98 1329 461 1377 collocabantur.
473 1328 635 1376 Postea
656 1329 764 1376 vero
786 1343 998 1375 cenatum
1019 1329 1080 1376 est
1094 1328 1207 1377 hora
1224 1329 1350 1377 nona
1362 1368 1377 1390 ‚

97 1412 152 1444 ac
175 1394 374 1460 proinde
395 1409 502 1443 tunc
523 1397 675 1458 potuit
694 1395 961 1441 convivium
981 1393 1172 1442 buccina
1191 1394 1380 1443 dimitti.

164 1459 291 1509 Ante
316 1458 558 1526 augurale.
587 1458 849 1525 Augurale,
883 1459 1011 1507 locus
1035 1475 1130 1509 erat
1151 1462 1202 1508 in
1223 1460 1380 1510 dextra

97 1543 229 1594 parte
268 1527 486 1592 praetorii.
535 1523 605 1572 Ibi
638 1524 928 1572 sumebantur
965 1523 1180 1590 auspicia.
1227 1525 1379 1577 Aram

97 1608 254 1642 autem
280 1590 592 1639 accendebant
609 1627 622 1649 ,
658 1605 809 1638 utrum
838 1605 886 1638 ut
907 1589 1066 1639 libatas
1092 1608 1216 1639 cenae
1236 1591 1380 1658 dapes

100 1659 186 1706 diis
205 1655 448 1717 offerrent,
483 1654 611 1724 quod
630 1654 790 1720 Lipfio
812 1656 982 1720 placuit
1003 1652 1109 1718 3⁴an
1130 1672 1178 1705 ut
1196 1675 1380 1722 pernox

98 1722 278 1774 arderet
301 1762 314 1785 ‚
348 1729 394 1770 &
416 1721 475 1770 ad
501 1739 603 1770 eam
623 1722 803 1788 vigilias
823 1722 1002 1770 obirent
1020 1724 1184 1770 milites
1203 1762 1216 1783 ,
1251 1723 1379 1791 quod

100 1791 197 1841 vult
229 1788 489 1855 Rutgerfius
508 1827 523 1849 ,
554 1787 669 1838 Var.
693 1787 825 1835 Lch.
846 1787 941 1848 ΙΙΙ,
974 1806 1051 1835 zo.
1073 1790 1317 1837 incertum.

155 1854 493 1905 ⁴Admiratione
531 1851 666 1918 prisci
710 1853 849 1903 moris
892 1851 1084 1915 adfecit.
1133 1854 1343 1904 Corbulo
1367 1870 1385 1917 ;

102 1923 268 1972 emeca
292 1961 305 1981 ‚
343 1936 391 1970 ut
414 1936 514 1968 mos
540 1919 602 1966 est
628 1922 676 1967 in
707 1919 775 1966 his
809 1918 1086 1968 solemnibus
1105 1958 1117 1979 ‚
1152 1922 1201 1969 in
1234 1923 1383 1984 majus

59 2021 62 2024 <
101 1988 315 2039 attollens
349 2025 362 2048 ,
401 1984 642 2043 Tiridaten
679 2001 803 2033 nova
838 1988 997 2032 omnia
1038 1985 1347 2037 advertentem
1368 2026 1382 2048 ‚

102 2060 149 2107 ὃς
184 2051 336 2103 causas
363 2045 653 2118 ‘rogitantem
673 2088 688 2114 ‚
740 2049 1045 2101 admiratione
1077 2050 1212 2118 prisci
1238 2056 1383 2107 moris

107 2119 290 2172 adfecit.

172 2249 299 2300 CAP.
321 2247 512 2299 XXXI.
542 2246 788 2315 Vologesen
810 2247 1085 2303 EcbataniS.
1112 2250 1311 2302 Pacorus
1335 2259 1381 2300 δε

109 2314 368 2383 Vologeses
404 2316 560 2364 fratres
595 2331 722 2364 erant
745 2314 964 2367 Tiridatis
984 2357 998 2378 ,
1034 2334 1082 2366 ut
1112 2318 1286 2367 dictum
1319 2322 1383 2366 est

109 2380 242 2449 supra
259 2382 380 2446 Cap.
401 2400 474 2440 ¹4·
498 2380 735 2431 Ecbatana
757 2398 909 2431 autem
924 2423 938 2446 ‚
962 2401 1088 2435 nunc
1105 2383 1350 2435 Hamedan
1364 2421 1379 2444 ‚

114 2464 254 2515 caput
273 2463 367 2496 erat
392 2447 574 2497 Medjae.

175 2513 473 2576 Neuferrum
495 2513 714 2566 traderer.
757 2513 881 2564 Cum
911 2515 1150 2567 adibantur
1177 2516 1380 2565 Romani

112 2582 399 2648 magistratus
419 2620 432 2642 ,
467 2581 724 2646 ponebatur
758 2581 954 2648 gladius,

179 2646 280 2698 Aut
323 2646 574 2710 complexu.
644 2647 850 2716 Legatos
882 2688 895 2714 ,
952 2648 1389 2716 provinciarumque.
