1659 2917
246 144 717 193 ANNALIUM
766 129 931 190 Lm.
978 133 1131 194 XIII.
1234 157 1342 210 129

63 231 407 298 „fixercebant
446 278 462 302 ‚
520 239 577 291 δε
622 231 682 289 in
728 231 966 289 modum
1018 232 1345 313 captivitatis
1362 256 1561 294 -Ξ

76 337 188 376 nox
210 315 488 396 agebatur.
529 312 706 376 Julius
731 313 964 394 quidem
988 317 1298 374 Montanus
1322 362 1341 388 ,
1368 315 1420 356 Α·
1440 319 1488 357 U·
1509 317 1569 361 C(

76 395 336 456 senatorii
357 397 568 456 ordinis
590 442 607 467 ‚
644 394 739 455 sed
763 397 861 476 qui
885 397 1139 454 nondum
1162 400 1341 458 hono-
1418 389 1504 436 809
1509 413 1530 477 ⁶.

72 501 197 538 rem
220 478 513 561 capeffiffet
532 527 548 551 ‚
577 475 889 562 congreffus
912 476 1055 538 forte
1077 502 1173 562 per
1194 501 1344 541 tene—

72 561 198 621 bras
225 585 354 621 cum
382 563 635 644 Principe
661 610 679 635 ,
722 563 852 643 quia
876 563 934 621 vi
971 583 1344 624 attentantem

74 645 272 705 acriter
308 645 582 727 repulerat
611 692 627 717 ‚
675 644 883 705 deinde
925 647 1180 728 agnitum
1222 670 1348 707 ora-

72 749 226 788 verat
248 775 265 800 ,
308 728 458 810 quasi
485 727 855 811 exprobrasset
881 774 899 799 ,
943 730 1089 788 mori
1122 729 1348 792 ada-&us

73 813 165 871 est.
197 813 350 870 Nero
373 833 561 872 autem
588 813 929 871 metuentior
951 813 1009 870 in
1031 815 1307 894 posterum
1326 835 1353 888 ‚¹

73 893 282 954 milites
308 895 407 954 fibi
429 943 447 968 ,
484 903 542 955 &
567 893 856 976 plerosque
881 896 1212 976 gladiatores
1242 899 1344 956 cir-

72 978 404 1051 cumdedit,
450 979 549 1058 qui
594 980 834 1038 rixarum
875 980 1034 1038 initia
1078 981 1343 1061 modica,

72 1070 132 1122 δε
152 1061 302 1142 quafi
321 1064 531 1144 privata
553 1060 813 1121 sinerent:
842 1062 879 1120 fi
900 1086 931 1119 a
954 1060 1080 1121 laefis
1104 1064 1341 1124 validius

69 1166 326 1226 ageretur
353 1193 369 1216 ‚
420 1167 573 1203 arma
616 1144 946 1204 inserebant.
1037 1147 1341 1208 Ludicram

69 1250 296 1309 quoque
320 1228 605 1287 licentiam
622 1276 638 1300 ‚
663 1237 721 1288 &
744 1226 985 1288 fautores
1010 1230 1339 1291 histrionum

69 1311 223 1371 velut
246 1312 303 1369 in
329 1309 521 1392 proelia
553 1313 829 1371 convertit
854 1359 870 1383 ‚
909 1313 1241 1395 impunitate
1281 1325 1342 1376 δε

67 1395 304 1477 praerniis
326 1441 342 1466 ,
373 1416 540 1475 atque
564 1393 676 1475 ipse
699 1395 945 1454 occultus
967 1443 983 1468 ‚
1014 1405 1071 1456 &
1097 1397 1342 1480 plerum-

7 1521 11 1526 -
66 1501 178 1559 que
219 1500 408 1536 coram
449 1476 830 1560 prospectans:
872 1479 1051 1539 donec
1096 1481 1341 1554 discordi

67 1561 276 1644 populo
300 1608 317 1632 ,
355 1570 413 1621 δε
436 1563 697 1643 gravioris
722 1561 906 1620 motus
934 1584 1144 1623 terrore
1165 1613 1182 1636 ,
1221 1590 1335 1625 non

62 1643 221 1702 aliud
254 1644 573 1703 remedium
600 1666 884 1726 repertum
923 1648 997 1703 est
1018 1694 1034 1718 ,
1075 1648 1247 1728 quam
1276 1670 1339 1708 ut

66 1727 357 1785 histriones
412 1725 567 1784 Italia
625 1727 963 1808 pellerentur
992 1776 1009 1800 ,
1067 1730 1340 1812 milesque

69 1810 287 1868 theatro
326 1808 540 1867 rursum
579 1808 870 1869 adfideret.
1241 1844 1246 1848 ³

148 1892 370 1966 XXVI.
416 1895 535 1950 PER
580 1892 735 1951 idem
777 1913 998 1973 tempus
1046 1900 1231 1957 aetum
1278 1899 1339 1958 in

66 1973 259 2035 senatu
284 1974 402 2034 etde
430 1973 716 2035 fraudibus
745 1976 1075 2036 libertorum
1092 2010 1153 2052 ω,
1185 1980 1337 2042 effla·-

67 2059 419 2141 gitatumque
460 2085 494 2109 ec
511 2080 573 2117 ut
598 2058 854 2119 adversus
892 2060 1036 2119 male
1067 2065 1300 2125 meritos
1319 2115 1338 2140 ,

65 2141 432 2202 mrevocandae
468 2140 736 2202 libertatis
774 2151 856 2223 jus
895 2147 1135 2225 patronis
1177 2148 1339 2210 clare-

66 2246 274 2284 votur».
315 2225 435 2287 Nec
472 2224 703 2286 deerant
738 2227 836 2307 qui
876 2226 1177 2290 censerent.
1227 2233 1338 2293 Sed

68 2305 316 2367 consules
364 2307 696 2369 relationem
740 2310 852 2368 inci
894 2333 984 2371 ere
1029 2335 1144 2371 non
1186 2316 1336 2390 ausi,

68 2391 262 2470 ignaro
284 2392 533 2472 Principe
552 2443 568 2466 ,
599 2334 948 2474 perscripsiire
980 2415 1173 2456 tamen
1201 2422 1337 2458 con-

68 2471 286 2531 sensum
299 2472 511 2548 senadls
526 2524 542 2548 ,
579 2505 612 2529 α
630 2476 728 2536 Ille
744 2484 857 2557 jam
870 2482 1058 2536 austor
1069 2483 1334 2541 constitu-

46 2556 277 2618 mtionis
299 2556 456 2623 fieret
471 2608 490 2636 ,
507 2581 566 2623 ut
584 2561 730 2625 inter
753 2584 953 2645 paucos
976 2570 1031 2624 δε
1051 2561 1335 2626 sententiae

1062 2646 1100 2704 F
1142 2668 1179 2705 v

1437 532 1516 588 562
