1725 2983
362 147 834 213 ΑΝΝΑῑιυΜ
880 149 1215 212 L1n.X11.
1348 155 1419 210 61

151 253 314 335 *quod
347 253 628 314 desertum
656 272 687 312 a
713 251 1049 325 Mithridate
1078 300 1094 323 ,
1135 237 1209 309 ob
1249 249 1426 309 ambi-
1443 257 1638 298 Ξ

158 360 294 417 guos
318 338 669 419 popularium
690 337 905 394 animos
926 335 1200 405 obtineri,
1232 332 1426 392 relicto

159 420 240 478 ibi
265 421 509 501 praefidio
539 467 555 491 ,
591 418 788 479 visum.
834 419 970 477 Exin
993 419 1053 475 in
1076 419 1281 476 Siracos
1307 439 1428 497 per-

158 525 316 584 gunt.
384 505 452 563 Et
502 500 805 585 transgreffi
856 523 1085 560 amnem
1132 499 1379 557 Pandam
1409 548 1426 572 ,

159 587 604 647 circumveniunt
657 585 857 644 urbem
909 581 1101 665 Uspen
1141 629 1158 659 ‚
1215 582 1426 641 editam

161 667 319 742 l·oc0‚
346 679 404 730 &
429 669 705 728 moenibus
730 692 790 726 ac
812 666 957 726 foffis
980 666 1258 724 munitam
1283 713 1298 737 ‚
1331 665 1429 724 nifi

160 753 319 833 quod
336 753 543 810 moenia
560 776 673 810 non
686 750 810 809 saxo
827 800 843 825 ‚
861 750 958 810 sed
972 749 1207 808 cratibus
1223 750 1430 807 revinc-

159 838 228 895 tis
253 883 269 907 ‚
309 860 368 894 ac
403 835 590 894 medi&
624 836 801 895 humo
824 883 841 908 ,
884 831 1177 894 adversum
1215 832 1433 890 inrum-

159 939 351 1000 pentes
384 919 627 977 invalida
659 939 850 979 erant:
900 917 1220 997 educ'iaeque
1265 915 1430 974 altius

160 1022 338 1062 turres
371 1049 388 1074 ‚
447 1000 659 1062 facibus
707 1024 872 1083 atque
922 1002 1081 1060 hastis
1133 998 1434 1059 turbabant

162 1083 401 1145 obseffos
432 1110 444 1143 ε
486 1109 548 1145 ac
571 1087 630 1144 ni
658 1088 916 1168 proelium
946 1107 1056 1142 nox
1081 1080 1385 1143 diremisset
1411 1106 1431 1155 ‚'

162 1190 342 1250 coepta
395 1190 715 1250 patrataque
775 1169 1108 1252 expugnatio
1162 1166 1431 1228 eumdem

160 1253 306 1311 intra
334 1252 489 1311 diem
521 1252 684 1312 foret.

247 1338 431 1397 XVII.
469 1339 733 1396 POSTERo
775 1333 971 1395 misere
1004 1334 1215 1418 legatos
1239 1381 1255 1407 ‚
1296 1356 1435 1394 otve-

160 1420 360 1478 aeniam
384 1418 571 1478 liberis
595 1420 962 1501 corporibus»
990 1440 1242 1478 orantes-2
1276 1416 1432 1477 etser-

162 1503 329 1562 aovitii
374 1503 582 1563 decem
619 1503 844 1562 millia»
877 1501 1226 1563 offerebant:
1276 1500 1434 1582 quod

163 1585 433 1668 aspernati
481 1585 604 1646 sunt
649 1589 883 1647 victores
915 1635 930 1659 ‚
983 1587 1123 1669 quia·
1158 1585 1436 1644 trucidare

164 1670 385 1729 deditos
430 1669 632 1728 saevum
667 1717 683 1742 ‚
747 1692 960 1728 tantam
1010 1668 1435 1727 multitudinem

167 1752 407 1812 custodia
439 1752 659 1832 cingere
695 1753 930 1811 arduum
957 1776 968 1809 ε
1004 1772 1064 1810 ut
1094 1751 1230 1810 belli·
1252 1750 1437 1831 potius

167 1843 285 1919 jure
313 1834 590 1893 caderent.
628 1835 958 1915 Datumque
982 1834 1254 1892 militibus
1275 1881 1291 1905 ‚
1338 1834 1437 1914 qui

164 1918 320 1998 scalis
359 1916 673 1989 evaserant,
710 1916 928 2000 signum
966 1917 1140 1976 caedis.
1207 1917 1438 1975 Excidio

164 1996 499 2084 Uspenfium
537 2021 720 2060 metus
755 2001 949 2060 ceteris
982 2002 1212 2082 injedffls
1235 2048 1252 2072 ‚
1296 1998 1440 2060 nihil

168 2107 354 2146 tutum
393 2086 521 2144 ratis
550 2132 566 2156 ,
615 2083 744 2142 cum
792 2107 947 2143 arma
973 2133 990 2158 ,
1039 2085 1442 2157 munimenta,‘

168 2168 428 2251 impediti
446 2217 462 2241 ,
486 2167 575 2227 vel
598 2169 944 2239 eminentes,
966 2168 1075 2227 loci
1095 2214 1112 2239 ‚
1136 2166 1441 2248 amnesque

171 2262 229 2314 &
245 2252 404 2311 urbes
424 2250 571 2331 juxta
591 2274 1093 2332 perrumperentur.
1115 2252 1288 2331 Igitur
1308 2255 1444 2309 Zor-

170 2335 309 2395 fines
332 2384 351 2408 ,
392 2335 488 2394 diu
526 2333 790 2416 pensitato
820 2333 1238 2394 Mithridatisne
1277 2334 1441 2393 rebus

172 2420 431 2480 extremis
454 2467 470 2492 ‚
519 2442 597 2476 an.
641 2418 818 2498 patrio
869 2442 1041 2501 regno
1091 2416 1439 2494 consuleret3

173 2504 462 2585 postquam
483 2501 768 2583 praevaluit
824 2503 1006 2562 entilis
1027 2502 1232 2562 utilitas
1248 2549 1264 2573 ‚
1296 2500 1442 2560 datis

173 2584 459 2647 obfidibus
481 2632 500 2660 ,
543 2585 689 2671 apud
716 2526 969 2673 effigiem.
991 2583 1213 2648 Caesaris
1237 2605 1440 2668 procula

1447 325 1499 365 Α.
1516 324 1566 362 U.
1584 322 1638 369 C·

1489 397 1594 439 802.

1484 470 1604 513 J.(L

1500 551 1583 595 49·
