1637 2917
238 142 355 197 402
419 123 500 180 IN
540 122 847 179 LIBRUM
894 140 1417 181 nuonzcxMuM

305 218 400 334 ΒΞ
421 216 698 336 (isffaesaris
728 215 918 281 nuptiis·
967 217 1091 270 Vide
1123 217 1509 285 Supplementum

241 287 351 336 Ann
404 320 416 333 .
668 319 681 332 .

310 300 917 418 Quinquagieitifistertium.
954 349 1146 400 Gallicae
1167 367 1366 400 monetae
1386 351 1511 401 librat

240 417 342 467 sunt
360 422 587 479 972‚846.
620 415 776 480 Quin]
801 415 1030 466 immensae
1050 433 1184 465 antea
1204 416 1371 466 fuerint
1394 435 1512 483 opes

242 485 410 534 Lolliae
433 484 541 533 inde
562 485 764 533 aestimari
789 484 935 550 potest
960 523 972 544 ,
1002 483 1131 550 quod
1153 481 1244 531 visa
1269 483 1318 532 fit
1336 485 1514 534 medio-

243 552 386 600 crium
408 549 835 616 etiamfivonsalium
861 548 1246 615 t·encismarugdis
1268 550 1514 616 margari-
1604 554 1606 559 ’

241 617 380 683 tifilue
424 631 578 679 operta
609 653 625 678 ,
667 615 843 664 alterno
889 630 1018 664 textu
1044 614 1336 682 fulgentibus
1364 655 1379 678 ‚
1423 630 1515 665 toto
1587 651 1591 653 μ

243 684 396 746 capite
422 681 624 733 crinibus
644 720 657 742 ‚
674 682 806 747 spirci
826 720 840 743 ‚
865 680 1053 730 auribus
1072 720 1087 744 ,
1109 680 1245 744 collo,
1273 681 1516 730 monilibus

243 748 484 816 digirzffiue
501 769 515 797 :
549 764 645 813 quae
661 749 840 812 stimma
867 747 1244 815 quadringenties
1267 746 1369 798 HS.
1395 747 1517 796 Gal-

243 817 342 864 licae
367 832 562 864 monetae
596 814 730 863 libras
756 832 830 876 7‚7
842 817 1015 877 82,010
1036 853 1052 877 ‚
1093 812 1352 881 colligebat.
1394 812 1523 864 Plin.

245 880 350 944 IX,
387 898 462 946 35.
495 881 599 929 sest.
631 897 707 941 57.

312 1013 440 1062 CAP.
469 1010 656 1061 XXIII.
691 1008 893 1073 Invisere
925 1008 1099 1060 liceret.
1139 1011 1371 1079 Augustus
1406 1013 1521 1062 oiim

249 1078 451 1127 edixerat
488 1096 546 1125 ne
584 1079 683 1145 quis
714 1075 893 1126 senator
914 1114 927 1137 ‚
963 1075 1154 1139 injussu,
1189 1093 1265 1126 aut
1299 1078 1388 1127 fine
1413 1095 1523 1144 per-

231 1143 381 1201 missu
399 1143 625 1208 Principis
647 1158 770 1192 eXtra
789 1142 967 1190 Italiam
989 1145 1145 1190 abiret.
1166 1144 1219 1192 Id
1237 1145 1394 1209 postea
1413 1162 1525 1210 per-

250 1209 430 1259 missum
451 1211 612 1258 Siculis
633 1247 645 1270 ‚
666 1226 789 1257 nunc
815 1205 922 1256 vero
952 1214 996 1256 &
1020 1207 1186 1258 Galliae
1209 1208 1528 1259 Narbonensis

250 1275 544 1325 senatoribus.
585 1274 684 1338 Qui
706 1274 891 1342 quidem
912 1272 1011 1322 usus
1033 1291 1160 1324 aetate
1182 1276 1352 1326 Dionis
1375 1273 1526 1327 adhuc

252 1343 452 1409 vigebat.
491 1342 612 1392 Vide
636 1338 844 1390 Dionem
877 1340 996 1401 LII,
1030 1358 1142 1408 pag.
1166 1361 1278 1402 494.

321 1408 500 1456 Ituraei.
518 1408 679 1455 Ituraea
703 1407 760 1454 ad
785 1406 1028 1454 Orientem
1048 1407 1289 1471 jordanis,
1314 1407 1391 1456 ubi
1414 1406 1530 1456 olim

255 1471 400 1523 fuerat
425 1474 612 1522 dimidia
637 1473 773 1521 tribus
795 1469 1017 1520 Manasse.

323 1540 512 1588 Sohemo
546 1556 678 1599 arque
696 1538 922 1603 Agrippci.
944 1536 1149 1585 Sohemo
1173 1538 1217 1585 II
1234 1539 1500 1601 Ituraeorum
1516 1551 1540 1600 ,ζ

260 1611 305 1654 &
328 1604 543 1672 Agrippa
567 1604 750 1670 Magno
773 1602 1039 1656 Judaeorum
1061 1604 1258 1670 regibus.
1281 1602 1533 1654 Herodum

261 1678 304 1719 &
341 1671 650 1719 Sohemorum
682 1671 874 1718 stemma
907 1668 1129 1734 proposui
1160 1676 1204 1717 &
1232 1670 1449 1719 illustravi
1480 1672 1532 1718 in

259 1738 413 1804 priore
428 1736 581 1785 Taciti
601 1737 800 1786 editione
817 1775 828 1796 ‚
844 1731 989 1783 Toni.
1010 1735 1054 1783 II
1066 1774 1080 1796 ,
1100 1753 1211 1802 pag.
1233 1744 1322 1799 369
1342 1744 1386 1785 δε
1405 1735 1539 1804 seqq.

313 1789 509 1852 &alatis
529 1804 786 1870 augurium.
814 1802 978 1850 Salutis
1001 1804 1244 1868 augurium
1265 1819 1359 1852 erat
1380 1802 1534 1870 quod-
1614 1863 1618 1866 -

261 1869 367 1918 darn
409 1870 700 1919 divinationis
745 1885 889 1936 genus
924 1866 1148 1916 Romanis
1186 1868 1395 1918 usitatum
1426 1909 1439 1930 ,
1486 1883 1540 1919 ut

262 1936 557 2001 explorarent
586 1954 646 1985 an
682 1936 791 1984 deus
821 1934 897 1982 fibi
936 1934 1208 1984 concederet
1228 1973 1241 1995 ‚
1272 1952 1321 1984 ut
1355 1935 1540 2000 populo

261 2000 447 2050 salutem
461 2018 670 2068 peterent
689 2022 699 2049 ε
722 2000 846 2068 quasi
868 1999 993 2046 nefas
1012 2000 1117 2047 esset
1134 2017 1252 2061 eam,
1270 1999 1537 2066 priusquam

263 2068 588 2117 concederetur
608 2107 622 2132 ‚
655 2083 828 2134 petere.
867 2064 991 2117 Vide
1014 2065 1222 2141 Dionem
1252 2066 1540 2129 XXXVII,

196 2158 199 2160 >
261 2150 323 2200 pa
360 2168 373 2182 .
405 2153 485 2193 40.

373 2199 587 2250 omerium
603 2197 756 2249 Urbis.
774 2196 1010 2258 Claudius,
1028 2198 1356 2247 Britannorum
1373 2199 1536 2261 vidior,

207 2305 211 2308 ⁴
265 2265 418 2333 ficque
439 2267 628 2332 prolatis
651 2266 834 2331 imperii
865 2264 1029 2312 finibus
1051 2303 1064 2326 ‚
1099 2267 1361 2331 pomerium
1394 2265 1543 2315 Urbis

268 2334 423 2393 auxit,
458 2339 504 2381 &
528 2331 812 2380 Aventinum
835 2347 1040 2380 montem
1061 2369 1074 2391 ‚
1109 2348 1234 2379 nunc
1258 2330 1298 2395 lq
1327 2346 1451 2381 mont
1483 2330 1542 2382 de

267 2397 432 2449 Sainte
459 2397 637 2448 Sabine
655 2437 670 2460 ‚
705 2400 745 2446 ei
773 2398 959 2447 addidit.
1003 2397 1079 2446 De
1096 2397 1239 2446 Urbis
1257 2395 1418 2446 Romae
1447 2416 1549 2464 po-
1608 2442 1610 2446 ,

271 2466 417 2525 merio
436 2502 449 2524 ‚
488 2471 533 2514 &
568 2465 917 2531 magnitudine,
952 2465 1303 2531 incolarumque
1342 2481 1545 2514 numero
1624 2473 1627 2476 '

273 2526 451 2579 disserui
469 2533 518 2580 in
541 2533 693 2597 priore
705 2530 858 2579 Taciti
876 2530 1075 2579 editione
1088 2569 1102 2592 ‚
1122 2529 1265 2579 Tom.
1281 2527 1325 2577 II
1341 2568 1354 2590 ,
1372 2549 1421 2596 p.
1443 2547 1535 2595 373
1623 2545 1631 2590 ¹,

271 2601 316 2646 ὃς
336 2594 463 2665 seqq.
483 2597 628 2665 Quod
642 2612 794 2649 autem
813 2596 870 2647 ad
890 2596 1203 2649 illustrandam
1223 2598 1554 2664 antiquitatem,
1625 2602 1631 2640 ἰ
