1637 2917
303 184 781 229 'ANNALIUM
828 169 1102 229 NoTAE.
1225 187 1339 250 435

142 264 448 334 cognomento
469 263 747 316 Volandum.
776 265 1027 315 Castellum
1043 268 1157 317 illud
1177 268 1351 320 Arme-

3 367 9 386 2
73 337 163 382 niae
192 336 271 381 uni
294 332 462 381 Tacito
499 348 820 380 memoratum.
864 332 1135 383 Volandum
1166 353 1315 384 autem
1336 377 1349 398 ,

3 430 9 459 3-
74 416 126 448 ut
154 406 198 447 &
220 400 310 448 alia
334 400 513 448 castella
547 415 811 466 expugnata
832 437 845 459 ‚
878 397 1003 448 fuere
1029 403 1076 448 in
1101 400 1348 452 Moschicis

0 470 7 510 ἰ
73 466 308 515 montibus
334 469 451 514 inter
469 463 816 531 Trapezuntem
847 471 891 513 &
915 465 1135 516 Artaxata
1154 507 1166 529 ,
1201 487 1247 518 ut
1279 472 1350 523 vi<-

0 534 3 542 ”
68 531 205 581 detur
236 550 290 581 ex
320 532 475 582 Taciti
503 534 781 580 narratione.

138 598 350 663 Escensu.
387 598 441 646 Id
461 600 522 646 est
543 597 723 663 ascensu
745 615 763 657 ,·
801 595 983 646 Gallice
1005 597 1214 662 d'affizut.

3 724 5 727 ι
138 663 290 727 Caput
319 666 477 731 gentis
515 663 772 730 Artaxata.
819 664 895 713 De
933 663 1162 714 Artaxatis
1188 704 1199 724 ‚
1239 665 1351 716 urbe

73 732 285 796 principe
301 731 648 790 Armeniorum,
665 731 835 778 disturn
856 728 988 795 supra
1010 732 1253 793 Annal.II‚
1274 740 1350 793 56.

142 796 336 846 Amnem
360 797 586 848 Araxem.
626 796 676 845 N
681 813 770 846 unc
791 794 972 846 l'Aras.

138 928 264 978 Cap.
286 928 396 977 XL.
432 927 486 979 Si
525 927 801 994 concqffiffit.
839 927 893 975 In
922 927 1009 976 Ms.
1036 928 1152 996 Reg.
1175 935 1219 977 &
1245 930 1348 979 edi-

74 997 202 1046 tione
235 999 476 1062 principe,
495 994 544 1061 fi
566 993 853 1060 consensistet.
1202 1049 1206 1051 λ

139 1062 273 1111 Dato
304 1062 390 1111 die.
428 1063 541 1111 Sero
571 1063 666 1123 ejus
705 1061 793 1110 diei
829 1061 1024 1109 ostendit
1062 1063 1237 1124 aciein3
1275 1063 1351 1112 die

69 1130 256 1196 postero
281 1168 294 1189 ‚
333 1128 439 1177 crim
463 1126 672 1177 illuxisset
697 1166 710 1188 ‚
741 1129 958 1192 proelium
985 1130 1264 1194 incepturus.

141 1195 315 1244 Mediis
339 1194 703 1244 decumanorum.
741 1196 925 1243 Delecti
955 1194 1314 1243 decumanorum
1336 1235 1351 1258 ‚

72 1259 147 1311 seu
168 1262 355 1310 decimae
382 1263 580 1329 legionis
602 1300 614 1321 ,
645 1261 849 1309 medium
875 1278 1046 1328 agmen
1069 1261 1352 1311 obtinebant.

140 1328 244 1377 Nec
269 1327 479 1391 amplius.
517 1328 616 1377 Ubi
636 1327 866 1376 Tiridates
892 1327 1002 1375 vidit
1026 1328 1142 1375 nihil
1168 1331 1355 1377 temeri-

73 1408 163 1443 tate
207 1393 403 1443 solu-tum
438 1393 561 1456 effe5
601 1392 674 1441 sed
702 1432 714 1454 ,
754 1414 847 1442 uno
890 1392 1065 1442 tantum
1104 1393 1355 1443 decurione

72 1462 280 1529 equitum
314 1459 552 1510 audentius
587 1460 826 1528 progresso
851 1499 864 1522 ‚
903 1461 1144 1526 statimque
1184 1459 1355 1528 sagittis

70 1526 258 1576 confixo
273 1567 286 1590 ,
310 1545 482 1578 ceteros
500 1528 740 1575 Romanos
762 1527 977 1590 exemplo
1003 1526 1060 1573 ad
1083 1524 1356 1593 obsequium

73 1592 278 1644 firmatos
295 1633 307 1655 ,
321 1595 600 1661 propinquis
618 1594 711 1655 jam
728 1594 921 1642 tenebris
940 1590 1152 1639 absceffit.
1168 1592 1356 1641 Turmae

74 1663 282 1728 equitum
333 1656 648 1708 dividebantur
685 1661 733 1707 in
775 1660 979 1708 decurias
1011 1696 1026 1719 ‚
1077 1655 1153 1706 seu
1194 1658 1356 1710 decem

74 1732 288 1794 equites,
324 1728 487 1795 quibus
521 1743 713 1793 praeerat
746 1727 949 1776 decurio.

143 1859 269 1909 CAP.
303 1858 459 1907 XLII.
497 1859 558 1907 P.
577 1856 772 1908 SuiliuS.
809 1858 885 1908 De
904 1878 998 1929 quo
1024 1859 1196 1909 dictum
1221 1858 1357 1926 supra.

71 1924 248 1974 Annal.
267 1926 353 1985 IV,
378 1943 453 1989 31.
477 1925 578 1985 XI,
609 1944 626 1972 1
655 1931 699 1972 &
722 1922 848 1991 seqq.

20 2036 27 2054 ,
143 1991 374 2056 Poenaque
403 1990 579 2040 Cinciae
606 1990 737 2056 legis.
778 1992 853 2039 De
890 1991 1271 2041 senatusconsulto
1305 1997 1352 2040 8c

26 2106 37 2114 ,
74 2057 179 2126 lege
202 2058 366 2108 Cincia
385 2057 487 2106 vide
511 2055 644 2123 supra
667 2056 842 2105 Annal.
864 2056 937 2106 XI
957 2098 968 2118 ,
993 2075 1012 2118 5
1040 2067 1083 2107 ὃς
1106 2079 1151 2117 7.

144 2124 422 2190 Ouaestorem
445 2123 734 2174 Germanici.
765 2123 914 2190 Supra
931 2126 1105 2174 AnnaL
1126 2126 1212 2187 IV,
1243 2144 1320 2190 31.

142 2189 330 2240 Dormis
356 2191 454 2254 ejus
474 2188 743 2238 adulterum.
768 2191 992 2238 Senecam
1018 2193 1224 2241 adulterii
1244 2210 1351 2241 cum

78 2256 202 2310 julia
223 2296 235 2319 ‚
280 2255 550 2304 Germanici
583 2255 676 2304 filia
702 2295 714 2316 ,
759 2255 1015 2307 accusatum
1059 2259 1254 2310 diximus
1299 2263 1349 2309 in

77 2324 414 2390 Supplemento
443 2321 616 2370 Annal.
635 2322 709 2370 IX
727 2319 742 2383 ‚¹
775 2342 851 2382 24.

148 2391 240 2440 Ter
269 2387 433 2437 millies
449 2387 718 2455 sestertium.
761 2388 954 2440 Gallicae
990 2408 1187 2442 monetae
1225 2394 1350 2442 librae

78 2454 182 2505 sunt
219 2460 524 2518 58,365‚075.

146 2521 210 2571 Et
228 2522 371 2571 orbos,
394 2521 554 2569 Romae
585 2540 757 2589 magna
786 2541 913 2574 erant
939 2525 1139 2575 orbitatis
1171 2528 1314 2590 pretia
1332 2564 1347 2587 ‚

57 2630 63 2652 Α.
81 2589 319 2654 multaque
340 2603 625 2652 captatorum
642 2590 784 2638 studia
804 2631 815 2652 ,
843 2593 902 2640 ob
925 2591 1180 2640 hereditatis
1204 2591 1348 2657 spem.

47 2654 136 2715 -Id
153 2657 300 2723 arguit
320 2653 509 2704 Tacitus
530 2654 650 2706 infra
669 2656 725 2706 de
744 2656 869 2708 Mor.
888 2657 1110 2710 German.
1130 2656 1251 2725 Cap.
1271 2675 1352 2707 20.

1059 2722 1169 2787 Ti]
