1637 2917
8 115 9 118 „
3 71 14 90 s,

321 166 776 211 ANNALxuM
833 149 1097 209 NorAE.
1229 169 1350 226 439

70 265 187 318 pag.
228 265 334 310 522.
371 245 536 297 Postea
558 247 771 296 Tiberius
799 247 1001 295 ludorum
1035 265 1091 296 ac
1124 264 1358 298 munerum

70 316 300 381 impensas
320 313 468 363 adhuc
496 314 740 376 corripuit,
773 312 1053 362 mercedibus
1070 313 1357 378 ftenicorum

3 417 7 423 -
75 383 170 432 reci
189 398 261 444 is,
297 380 563 445 paribustyue
585 379 896 447 gladiatorum
921 377 981 426 ad
1009 396 1178 429 certum
1200 398 1358 429 nume-

70 466 173 498 rum
199 446 407 496 redaezis.
437 448 626 496 Sueton.
648 451 697 494 in
721 445 879 494 Tiber.
908 445 1028 510 Cap.
1056 464 1130 510 34.
1178 444 1355 495 Finitus

72 532 227 564 autem
250 516 327 563 ille
359 532 571 562 numerus
603 512 720 562 forte
750 512 833 561 fuit
868 514 1053 579 triginta
1084 517 1215 577 paria
1248 514 1356 581 gla-

73 582 320 630 diatorum.
338 582 414 630 Sic
432 584 556 628 enim
574 595 697 629 vetus
715 578 955 644 Inscriptio
972 580 1094 643 apud
1110 578 1326 628 Ursatum
1340 618 1354 641 ‚

73 663 364 696 monumenta
379 646 615 696 Patavina
634 687 647 708 ‚
668 647 715 707 Ι,
745 661 767 706 5
790 685 803 708 ,
827 663 936 712 pag.
957 663 1066 702 217.
1089 661 1136 693 T.
1158 663 1356 694 ANcHA-

74 730 219 763 Rlvs.
248 730 411 764 PRISc.
438 729 534 761 Fu.
566 729 767 762 AEmus.
796 728 1068 769 QUAESTOR.
1093 727 1357 761 ADSEDEN-

71 797 153 829 ΤΕ.
193 796 375 827 PATRE.
416 794 828 828 GLADIATORVM.
863 794 1042 826 PARIA.
1076 793 1356 827 TR1G1NTA.

70 861 320 894 ADIECTA.
350 861 656 895 VENATIONE
678 880 690 893 .
709 878 722 893 .
743 880 755 893 .
776 860 1055 894 LEGITIMA·
1077 861 1278 893 EDIDIT.

136 975 262 1025 CAP.
276 977 335 1025 L.
355 975 725 1026 Publicanorum.
745 975 1022 1026 Publicanos
1044 974 1225 1025 Gallice
1248 976 1358 1025 dici-

74 1059 178 1090 mus
203 1042 268 1091 les
288 1043 532 1106 Traitarzs‚
570 1062 768 1112 quorum
786 1044 1122 1092 immodestiam
1145 1060 1358 1091 coercere

66 1109 549 1173 plurimuminterest,
577 1129 636 1159 ne
656 1127 870 1160 atteratur
892 1109 1158 1174 respublica.
1179 1110 1357 1158 Eorum

59 1191 225 1223 -autem
250 1176 518 1225 modestiam
548 1176 751 1261 opesque
788 1177 975 1224 honeste
1004 1194 1156 1241 partas
1179 1177 1235 1224 ab
1258 1176 1357 1223 ho-

64 1241 257 1289 noribus
279 1260 338 1290 ne
365 1260 580 1292 amoveas
602 1282 615 1304 ‚
643 1262 750 1292 cum
774 1244 830 1291 ad
853 1243 1114 1308 reipublica⁹
1138 1244 1356 1310 tranquil·
1390 1279 1395 1282 -

67 1306 244 1355 litatem
276 1314 319 1355 &
351 1306 646 1373 splendorem
682 1308 878 1358 multum
914 1307 1123 1356 conferre
1156 1310 1356 1358 valeant.

64 1371 178 1422 Illos
203 1373 334 1422 valde
357 1375 654 1423 commendat
675 1376 843 1424 Cicero
867 1392 955 1440 pro
977 1373 1167 1422 Plancio
1187 1413 1200 1435 ,
1231 1375 1357 1441 Cap.

68 1456 149 1503 23.
183 1437 304 1487 Huic
346 1438 480 1505 obeffe
515 1456 653 1503 puras
691 1455 868 1502 patrem
904 1438 1197 1501 publicanum
1222 1461 1238 1488 :
1280 1439 1358 1506 qui

59 1503 175 1554 ,ordo
205 1519 374 1570 quanto
404 1505 664 1570 adjumento
672 1507 741 1572 fit
765 1506 812 1554 in
837 1505 1003 1554 honore
1033 1505 1134 1570 quis
1165 1507 1307 1571 nescit
1328 1509 1358 1557 ἓ

59 1568 177 1620 Flos
190 1570 321 1619 enim
342 1571 539 1635 equitum
557 1570 870 1621 Romanorum
891 1611 906 1633 ‚
945 1578 1263 1620 ornamentum
1286 1573 1357 1622 ci-

58 1634 266 1698 vitatis,
290 1634 640 1702 firmamentum
674 1636 932 1701 reipublicae
952 1676 970 1701 ‚
1005 1636 1356 1700 publicanorum

57 1700 224 1751 ordine
249 1701 527 1751 continetur.

134 1766 349 1817 Sublatis
378 1767 608 1831 portoriis.
641 1767 852 1817 Portoria
884 1767 984 1817 sunt
1003 1762 1200 1834 uestigal
1227 1771 1357 1839 quod

65 1851 156 1901 pro
192 1835 497 1900 importandis
535 1834 921 1904 exportandisque
951 1835 1176 1885 mercibus
1207 1840 1357 1954 exi5i⁴

1308 1919 1359 1954 CS

62 1916 156 1950 tur.
195 1900 348 1949 Nobis
377 1899 518 1969 vulgo
545 1901 611 1951 les
635 1900 869 1967 domines,
899 1900 966 1951 les
983 1903 1155 1968 peageass
1176 1943 1193 1968 ,
1218 1903 1268 1954 ἔτ’

59 1965 213 2018 droits
238 1965 340 2015 d'en
349 1968 458 2018 tre‘e.

134 2031 358 2097 Sequens.
399 2031 704 2103 Consequens
727 2033 831 2084 effe.

132 2098 425 2148 Tributorum
470 2100 671 2150 abolitio,
718 2100 916 2152 Tributa
952 2101 1167 2151 dicuntur
1195 2141 1209 2163 ‚
1254 2120 1358 2171 quae

18 2231 21 2233 ‚
58 2165 273 2216 -tributim
305 2183 331 2213 a
352 2165 536 2232 singulis
556 2186 645 2234 pro
672 2170 853 2234 capite,
891 2170 964 2217 vel
1003 2187 1059 2217 ex
1094 2167 1232 2218 censu
1263 2172 1358 2220 sol-

56 2250 250 2282 vuntur.
304 2231 455 2281 Nobis
492 2233 634 2302 vulgo
671 2234 718 2283 la
760 2235 1010 2298 capiratiorz
1041 2275 1054 2297 ‚
1093 2235 1142 2285 la
1182 2237 1313 2286 taille
1337 2251 1361 2300 ‚'

56 2298 307 2360 edixiemeS,
324 2297 596 2365 vingtiemes
611 2341 626 2363 ‚
651 2299 750 2351 Cve.
771 2300 1140 2352 pulcherrimum
1162 2303 1355 2371 quidem

9 2383 14 2386 ·
65 2364 189 2416 foret
223 2365 400 2414 donum
432 2369 591 2433 generi
624 2369 890 2417 mortalium
911 2409 924 2430 ‚
966 2369 998 2417 fi
1026 2371 1193 2418 cun&a
1215 2373 1357 2419 omit-

69 2448 270 2483 terentur
291 2433 533 2496 vec'tigalia
549 2472 561 2493 ‚
580 2432 697 2482 forte
715 2449 873 2484 tamen
898 2437 1046 2504 magis
1068 2433 1323 2502 speciosum
1338 2473 1355 2497 ,

65 2498 212 2568 quam
231 2499 492 2548 utile-Turn
511 2502 636 2549 enim
656 2501 787 2550 valde
805 2503 1148 2552 intenderentur
1173 2503 1353 2564 tributa,

67 2572 115 2615 ὃ(
141 2567 410 2615 tributorum
433 2570 624 2616 nomine
650 2571 972 2637 exigerentur,
1014 2587 1115 2636 quae
1138 2571 1355 2637 veffigae

1026 2698 1154 2756 Tiv

16 2653 19 2655 ·
66 2634 186 2687 lium
215 2632 528 2700 appellatione
554 2638 864 2687 continentur.
