1725 2983
327 153 801 194 ANNAL1UM
847 138 1009 194 LIB.
1051 137 1183 196 X11.
1321 141 1388 195 81

95 233 373 296 -militum
411 233 582 316 globo
623 230 866 292 infensos
904 237 1165 316 perrupit.
1216 237 1397 311 Quin-
1420 252 1612 288 33²2.-

127 318 313 377 decim
333 317 553 377 dierum
573 316 839 375 alimenta
856 316 1004 373 Urbi
1023 340 1138 375 non
1158 319 1393 400 amplius
1421 310 1468 350 A.
1491 310 1537 347 U·
1557 309 1609 349 C.

125 397 443 482 superfuisse
498 399 740 459 constitit
782 424 794 456 :
857 399 1171 480 magnaque
1222 401 1393 460 deum
1457 382 1570 495 3302.

126 483 474 565 benignitate
504 531 519 555 ‚
561 492 617 543 δε
650 481 921 541 modestia
955 482 1156 542 hiemis
1179 529 1195 553 ‚
1234 485 1395 543 rebus
1475 477 1573 582 5⁶1·-

84 580 90 587 ’
127 568 387 626 extremis
411 566 763 626 subventum.
808 564 887 624 At
911 564 1140 624 hercule·
1161 564 1302 623 olim
1332 590 1397 626 ex

125 649 294 708 Italiae
312 649 629 731 regionibus
653 648 983 730 longinquas
1004 648 1063 705 in
1089 650 1399 730 provincias

128 754 473 792 commeatus
493 732 818 813 portabant:
841 753 943 789 nec
968 754 1115 790 nunc
1140 729 1399 790 infecun-

131 815 304 893 ditate
345 815 623 874 laboratur
648 863 666 887 ,
700 812 797 873 sed
824 811 1078 894 Africam
1117 813 1300 896 potius
1341 825 1401 875 δε

130 902 431 982 AEgyptum
461 920 779 958 exercemus
800 945 815 969 ‚
859 895 1198 978 navibusque
1231 906 1287 957 ὃ(
1315 922 1401 957 ca-

129 981 272 1041 fibus
300 982 413 1040 vita
437 981 629 1064 populi
652 981 900 1039 Romani
929 978 1186 1062 permissa
1210 982 1300 1039 est.
1405 1037 1411 1042 .

226 1067 447 1141 XLIV..
494 1068 752 1124 EODEM
801 1087 948 1122 anno
993 1063 1209 1122 bellum
1257 1065 1404 1122 inter

134 1148 435 1208 Armenios
483 1145 783 1227 Iberosque
834 1167 1090 1205 exortum
1117 1194 1134 1218 ,
1190 1147 1405 1206 Parthis

134 1253 360 1312 quoque
398 1253 458 1288 ac
484 1230 756 1290 Romanis
785 1229 1224 1310 graviffimorum
1259 1231 1405 1289 inter

136 1314 191 1374 se
222 1334 481 1372 motuum
514 1310 669 1371 causa
699 1309 823 1371 fuit.
872 1313 1047 1371 Genti
1073 1313 1409 1371 Parthorum

126 1394 445 1479 *Vologeses
471 1395 861 1478 imperitabat,
902 1395 1154 1455 materna
1189 1397 1409 1478 origine

136 1504 201 1542 ex
249 1479 448 1563 pellice
493 1478 684 1538 Graeca
710 1527 726 1551 ‚
766 1477 1022 1538 conceffu
1057 1477 1291 1538 fratrum
1327 1502 1413 1538 re-

37 1623 51 1639 ς,
135 1587 311 1647 gnum
331 1562 576 1645 adeptus,
593 1562 784 1621 Iberos
798 1561 1190 1621 Pharasmanes
1207 1561 1415 1622 vetusta

138 1644 458 1730 posseffione
480 1694 496 1717 ‚
525 1646 827 1705 Armenios
851 1644 1021 1704 frater
1049 1653 1163 1727 ejus
1183 1646 1414 1704 Mithri-

139 1730 293 1788 dates
316 1728 609 1787 obtinebat
639 1728 835 1810 opibus
859 1729 1068 1786 nostris,
1114 1730 1242 1786 Erat
1269 1729 1414 1786 Pha-

139 1810 378 1871 rasmani
407 1810 550 1869 filius
582 1811 816 1869 nomine
845 1810 1234 1869 Rhadamistus
1261 1858 1278 1884 ‚
1320 1811 1416 1870 de-
1489 1881 1498 1887 ἱ

137 1893 265 1954 cora
293 1895 624 1976 proceritate
646 1907 673 1965 ‚'
699 1894 755 1951 vi
781 1895 1025 1976 corporis
1052 1893 1277 1976 insignis
1302 1942 1320 1967 ‚
1358 1903 1418 1954 &

137 1977 337 2063 patrias
374 1998 517 2038 artes
555 1976 783 2037 edoffims
806 2025 822 2049 ‚
862 1976 1118 2058 claraque
1153 1979 1302 2037 inter
1331 2001 1419 2036 ac-

143 2061 290 2121 colas
316 2057 484 2120 fama.
521 2063 573 2119 Is
602 2089 635 2113 oc
652 2061 944 2119 modicum
966 2061 1156 2120 Iberiae
1181 2083 1421 2144 regnum

139 2143 401 2204 :osenecsta
442 2145 609 2227 patris
659 2143 900 2204 detineri
926 2173 960 2197 ω
1010 2142 1250 2204 ferocius
1300 2167 1422 2204 cren

143 2224 405 2307 briusque
450 2227 727 2307 imitabar,
770 2228 942 2309 quarn
988 2249 1050 2286 ut
1095 2228 1424 2310 cupidinem

145 2308 468 2370 occultaret.
516 2312 694 2394 Igitur
729 2309 1124 2370 Pharasmanes
1159 2319 1424 2392 juvenem

150 2394 411 2478 potentiae
437 2414 706 2476 promptae
734 2441 750 2465 ‚
789 2404 845 2454 &
868 2394 1045 2453 studio
1070 2395 1427 2477 popularium

151 2477 463 2535 accindhim
495 2528 512 2552 ‚
561 2478 920 2559 vergentibus
964 2485 1079 2560 jam
1125 2479 1281 2537 annis
1323 2477 1429 2536 suis

154 2581 410 2621 metuens
443 2607 462 2634 ‚
520 2561 691 2623 aliam
737 2562 810 2623 ad
854 2561 1012 2646 spem
1062 2564 1277 2621 trahere
1308 2608 1326 2633 ,
1372 2569 1431 2622 &

1100 2646 1243 2706 Dv
