1725 2983
356 152 829 194 'ANNALIUM
875 136 1041 193 L1B.
1085 136 1248 195 XIII.
1342 158 1453 214 117

131 224 133 227 V
180 233 452 317 opperiri:
472 232 794 312 quantoque
814 231 1050 294 foediora
1069 235 1453 318 exprobrabat,
1481 266 1670 303 ,ε--Ξ

185 316 360 377 acrius
403 316 707 375 accendere
739 341 751 372 :
800 317 979 377 donec
1008 321 1062 377 vi
1090 320 1293 377 amoris
1325 319 1454 379 sub-
1477 324 1526 364 A.
1548 326 1595 363 U·
1616 325 1669 366 C.

185 405 334 461 astus
362 447 379 471 ,
427 420 649 459 exueret
690 395 1023 479 obsequium
1067 404 1125 460 in
1173 424 1414 463 matrem
1437 452 1453 476 ,
1523 395 1629 437 ⁸0⁸·

183 483 351 564 seque
384 485 600 542 Senecae
630 483 997 563 permitteret.
1057 489 1132 543 Ex
1178 495 1328 567 cujus
1370 486 1456 547 fa-
1511 470 1548 508 J'
1582 469 1632 509 C·

182 566 495 626 miliaribus
518 565 759 625 Annaeus
783 569 1014 626 Serenus
1045 615 1061 639 ,
1104 568 1455 632 simulatione
1540 550 1615 596 55⁹

186 652 392 711 amoris
419 649 673 709 adversus
711 649 975 708 eamdem
1005 649 1264 710 libertam
1289 698 1305 725 ,
1345 656 1460 736 pri-

189 757 308 792 mas
364 731 731 792 adolescentis
795 734 1081 816 cupidines
1143 736 1455 811 velaverat,

106 879 111 884 ,
188 816 604 898 praebueratque
648 839 860 875 nomen
886 865 901 888 ,
949 838 1009 875 ut
1048 842 1167 898 quae
1204 820 1462 903 Princeps

187 899 388 962 furtim
415 899 751 959 mulierculae
779 900 1058 959 tribuebat
1083 950 1098 974 ,
1145 900 1241 961 ille
1278 903 1463 985 palam

188 984 496 1066 largiretur.
545 984 703 1041 Tum
746 983 1090 1066 Agrippina,
1133 985 1295 1044 versis
1338 988 1465 1045 arti-

187 1069 289 1126 bus
313 1116 329 1139 ,
369 1090 464 1149 per
487 1064 879 1125 blandimenta
906 1076 1170 1146 juvenem
1192 1069 1424 1151 adgredi
1446 1118 1463 1142 ‚

198 1148 407 1209 ccsuum
448 1148 629 1233 potius
662 1149 983 1208 cubiculum
1013 1175 1072 1208 ac
1112 1151 1292 1211 finum
1313 1182 1344 1205 υ
1375 1153 1464 1211 of-

191 1232 335 1293 ferre
367 1261 399 1284 oc
420 1232 784 1315 contegendis
807 1281 824 1305 ,
863 1257 981 1314 quae
1007 1234 1189 1316 prima
1213 1257 1336 1294 :etas
1361 1285 1378 1308 ,
1409 1245 1468 1296 δε

190 1315 454 1376 msumma
496 1314 721 1375 fortuna
765 1338 1168 1399 expeterentoo.
1215 1321 1372 1394 Quin
1412 1329 1471 1380 ὃς

191 1398 469 1459 fatebatur
503 1428 536 1452 cc
557 1400 1006 1480 intempestivam
1040 1400 1472 1477 severitatem»,

191 1493 248 1544 &
274 1482 495 1542 suarum
524 1507 700 1566 opum
731 1507 852 1564 quae
877 1484 1028 1543 haud
1053 1485 1246 1569 procul
1280 1489 1472 1569 Impe-

192 1567 407 1627 ratoriis
429 1566 684 1639 aberant,
704 1568 887 1650 copias
908 1568 1191 1628 tradebat:
1212 1590 1274 1628 ut
1295 1571 1472 1629 nimia

191 1673 368 1733 nuper
391 1650 704 1710 coercendo
727 1650 845 1709 filio
867 1699 883 1723 ,
924 1652 1001 1710 ita
1024 1650 1238 1710 rursum
1264 1653 1472 1712 intem-

193 1752 450 1817 pei-anter
498 1731 746 1791 demiffa.
811 1735 951 1807 Quae
997 1735 1238 1792 mutatio
1284 1760 1470 1817 neque

195 1818 489 1878 Neronem
523 1813 762 1885 fefellit,
800 1824 858 1874 ὃς
885 1818 1126 1897 proximi
1156 1818 1470 1879 amicorum

195 1898 526 1959 metuebant
552 1945 568 1969 ,
604 1898 951 1978 orabantque
975 1927 1008 1949 cc
1029 1922 1221 1959 cavere
1246 1901 1468 1962 infidias

194 1981 490 2041 aomulieris
513 1979 730 2063 semper
756 1982 953 2040 atrocis
975 2030 991 2053 ,
1025 2004 1148 2042 tum
1171 1992 1230 2044 δε
1250 1982 1392 2044 falsae
1408 2015 1468 2047 ω.

192 2067 353 2125 Forte
376 2065 484 2123 illis
509 2064 705 2124 diebus
726 2063 906 2123 Caesar
922 2113 938 2137 ,
961 2065 1206 2149 inspecto
1230 2090 1430 2128 ornatu
1447 2117 1468 2142 ,

195 2172 310 2229 quo
332 2149 654 2230 Principum
674 2155 937 2231 conjuges
955 2173 1014 2207 ac
1036 2172 1289 2232 parentes
1311 2151 1470 2211 efful-

196 2231 407 2305 serant,
436 2232 635 2314 deligit
661 2233 868 2291 vestem
890 2241 947 2292 &
971 2257 1224 2314 gemmas
1245 2283 1262 2306 ,
1298 2235 1471 2296 mifir-

200 2338 329 2396 que·
363 2315 581 2374 donum
630 2315 796 2374 matri
828 2340 840 2372 ε
887 2316 1040 2374 nulla
1086 2318 1470 2398 parcimonia,

200 2398 332 2457 curn
357 2400 623 2480 praecipua
644 2407 702 2458 &
728 2400 912 2481 cupita
933 2399 1051 2458 aliis
1073 2447 1090 2472 ,
1113 2401 1264 2484 prior
1288 2400 1470 2461 defer-

203 2502 305 2540 ret.
322 2483 431 2542 Sed
448 2483 759 2565 Agrippina
785 2510 819 2533 oc
837 2506 954 2542 non
974 2484 1058 2542 his
1079 2483 1269 2544 instrui
1291 2485 1470 2546 cultus

203 2562 368 2625 nosuos
398 2614 415 2640 ,
473 2566 570 2628 sed
611 2566 806 2628 ceteris
853 2568 1025 2629 arceri
1043 2597 1077 2622 ω
1121 2567 1429 2652 proclamat
1450 2613 1471 2642 ,
