1725 2983
253 162 329 216 70
432 140 504 198 C.
546 140 998 201 CORNELH
1047 146 1350 204 TA01T1

29 271 223 310 Ξ
247 249 352 300 »ὃς
398 263 628 324 corpore
674 242 902 302 adverso
950 243 1179 304 vulnera
1225 244 1439 327 excepit
1457 274 1519 306 κ.

32 334 84 375 Α·
105 332 152 370 U·
174 330 227 371 C·
249 323 523 384 Ceterum
549 325 621 384 ad
649 325 870 386 classem
895 375 911 400 ,
956 327 1014 385 in
1041 328 1309 387 Danubio
1343 352 1521 411 oppe-

76 407 184 458 803.
247 408 488 468 rientem
512 457 529 480 ,
569 407 829 492 perfugit.
875 412 1059 469 Secuti
1088 435 1221 469 mox
1246 411 1474 471 clientes
1496 459 1517 484 ,

63 486 104 527 J·
135 484 186 524 C.
247 500 306 552 δε
331 495 567 574 acceptis
591 494 732 575 agris
748 541 764 565 ,
793 495 853 551 in
876 494 1159 552 Pannonia
1185 494 1351 553 locati
1373 493 1515 554 sunt.

91 567 165 614 50⁰
245 577 512 658 Regnum
546 577 774 659 Vangio
804 600 864 634 ac
894 576 1027 635 Sido
1067 577 1212 636 inter
1249 575 1303 636 se
1343 579 1514 659 parti·-

240 680 370 718 vere
388 707 405 730 ,
428 658 650 741 egregia
665 659 919 718 adversus
938 683 1038 718 nos
1060 659 1170 718 fide
1193 686 1204 718 :
1227 658 1513 740 subjectis}

238 740 410 801 suone
435 790 451 814 ,
484 765 553 800 an
584 741 792 801 servitii
821 744 1048 825 ingenio
1075 791 1091 815 ,
1139 743 1277 802 dum
1314 743 1515 826 adipis-

239 846 497 885 cerentur
525 824 938 885 dominationes
962 875 978 898 ,
1020 826 1197 885 multa
1243 827 1467 887 caritate
1490 875 1511 900 ,

240 917 298 970 δέ
326 916 537 987 majore
565 908 700 968 odio
726 958 742 981 ,
779 911 1070 992 postquam
1092 910 1280 991 adepti
1299 908 1442 970 sunt.

322 993 543 1050 XXXI.
573 991 664 1050 AT
697 1016 758 1050 1N
784 992 1068 1062 Britannia
1091 996 1149 1052 P.
1176 994 1464 1052 Ostorium
1490 1009 1512 1066 ,'

236 1094 653 1157 propraetorem,
670 1075 902 1134 turbidae
918 1098 1000 1134 res
1017 1094 1279 1158 excepere
1297 1123 1313 1148 ,
1330 1075 1508 1136 effusis

235 1160 296 1216 in
315 1180 511 1239 agrum
530 1156 805 1217 sociorum
825 1159 1088 1230 hostibus,
1105 1160 1173 1218 eo
1188 1158 1506 1232 violentiuS,

234 1240 390 1322 quod
436 1264 651 1301 novum
693 1242 897 1302 ducem
920 1290 937 1314 ,
986 1242 1227 1301 exercitu
1262 1242 1460 1324 ignoto
1487 1289 1507 1315 ,

233 1333 295 1385 &
345 1324 524 1407 coepta
573 1326 762 1385 hieme
790 1373 807 1397 ,
866 1326 1076 1384 iturum
1117 1324 1345 1384 obviam
1389 1348 1507 1384 non

232 1407 513 1468 rebantur.
575 1407 678 1468 Ille
722 1430 921 1491 gnarus
971 1408 1164 1491 primis
1213 1408 1505 1468 eventibus

232 1512 454 1550 metum
477 1511 571 1555 aut
590 1491 856 1551 fiduciam
878 1493 1068 1575 gigni,
1095 1492 1226 1551 citas
1245 1493 1502 1553 cohortes

233 1576 412 1656 rapit:
460 1584 518 1635 δε
546 1575 684 1634 caefis
722 1576 820 1657 qui
855 1578 1161 1635 restiterant
1182 1621 1197 1645 ,
1244 1574 1503 1656 disjestos

232 1657 571 1718 confestatus
601 1706 617 1730 ,
661 1682 731 1718 ne
774 1658 950 1717 rursus
991 1657 1500 1740 conglobarentur,

229 1740 555 1823 infensaque
590 1750 648 1801 &
680 1741 854 1800 infida
889 1765 992 1824 pax
1029 1764 1144 1799 non
1178 1740 1338 1813 duci,
1383 1764 1502 1801 non

230 1824 401 1883 militi
429 1873 446 1896 ,
489 1824 743 1903 requiem
775 1826 1126 1907 permitteret
1148 1871 1164 1893 ,
1205 1823 1498 1885 detrahere

229 1930 385 1967 arma
424 1906 713 1989 suspecst'ffi,
751 1906 1067 1986 cinstosque
1107 1907 1284 1964 castris
1317 1906 1500 1967 Anto-

229 2014 363 2050 nam
384 1998 440 2050 δε
455 1990 745 2048 ‘Sabrinam
759 2037 775 2061 ,
795 1990 988 2049 fluvios
1003 2037 1019 2061 ,
1042 1988 1304 2048 cohibere
1323 2013 1497 2072 parat.

228 2074 404 2150 Quod
435 2073 603 2156 primi
625 2073 778 2132 Iceni
805 2073 1046 2132 abnuere
1063 2120 1078 2144 ,
1114 2071 1297 2130 valida
1320 2097 1454 2156 gens
1474 2122 1495 2147 ‚

230 2179 332 2218 nec
362 2156 565 2240 proeliis
590 2155 799 2216 contufi
818 2206 834 2229 ,
868 2157 999 2238 quia
1024 2154 1345 2215 societatem
1368 2156 1495 2215 nos-

229 2260 373 2300 tram
400 2240 650 2300 volentes
678 2238 1006 2299 accesserant
1036 2262 1047 2297 z
1087 2237 1279 2320 hisque
1309 2244 1495 2299 austo-

227 2324 408 2396 ribu3,
434 2324 795 2404 circumjestae
814 2324 1064 2382 nationes
1086 2321 1274 2381 locum
1297 2347 1493 2405 pugnae

227 2406 488 2489 delegere
506 2455 523 2479 ,
545 2406 761 2489 septum
790 2409 979 2490 agresti
1009 2428 1241 2488 aggere,
1265 2406 1492 2468 &aditu

229 2492 455 2572 angusto
473 2537 489 2562 ,
526 2512 596 2549 ne
620 2491 835 2572 pervius
862 2490 1037 2572 equiti
1063 2487 1225 2548 foret.
1267 2491 1342 2547 Ea
1367 2513 1490 2548 mu·-

224 2574 480 2640 nimenta
503 2572 612 2635 dux
635 2576 924 2637 Romanus
946 2622 965 2651 ,
1007 2595 1352 2658 quamquam
1374 2571 1500 2635 sme-
