1637 2917
300 171 773 211 ANNALIUM
828 147 1093 210 No-r'AE.
1224 171 1340 228 413

138 248 347 317 Sestertii
379 265 447 300 ter
472 249 651 300 millies.
683 247 876 299 Gallicae
908 264 1105 298 monetae
1129 247 1347 299 librarum

74 320 385 381 58‚365‚075·

139 444 266 494 CAP.
281 445 412 498 LIV.
430 446 541 497 Jam
554 445 728 510 pridem
745 445 924 496 Judaeae
943 445 1185 509 impofitus.
1199 445 1349 509 Quin-

68 515 277 579 quennio
305 513 409 562 ante
430 530 476 562 ut
497 513 700 564 Galilaeae
726 513 964 562 Cumanus
984 552 996 573 ,
1026 515 1086 560 ita
1108 511 1236 559 Felix
1263 514 1350 560 Sa-

68 581 223 626 mariae
260 596 532 645 procurator
567 579 820 646 impositus.
879 579 955 627 De
989 578 1206 627 Cumano
1245 577 1348 627 vide

65 643 322 709 josephum
354 648 516 714 Antiq.
536 646 643 699 Jud.
666 645 766 694 XX
787 685 799 706 ‚
840 662 882 705 5.
1345 679 1351 689 ι

140 710 507 777 Ortciseditione.
541 711 639 759 Hic
662 711 838 778 aliquid
858 710 993 758 deest.
1024 708 1349 775 Supplendum

67 776 250 824 videtur
271 797 281 824 :
309 777 750 839 Sanepraebuerant
775 776 1140 840 Judaeispeciem
1166 774 1312 824 motus
1330 812 1350 836 ,

67 843 168 890 orta
187 841 415 907 ⁸seditione
441 842 492 891 ob
527 842 634 896 Caii
662 843 863 906 Caesaris
895 841 1088 908 effigiem
1115 843 1164 892 in
1187 838 1351 902 templo

64 905 352 967 locandam;
386 908 644 975 postquam,
686 922 734 958 co
770 910 871 958 nita
907 907 1030 957 ccede
1061 908 1191 973 ejus,
1226 903 1353 954 haud

64 972 416 1036 obtemperatum
435 977 536 1041 effer
551 1015 566 1036 ,
600 929 816 1025 maneiat
838 990 983 1022 metus
1003 991 1060 1022 ne
1076 975 1176 1038 quis
1197 972 1352 1022 Prin-

66 1039 214 1100 cipum
247 1040 402 1089 eadem
445 1043 742 1103 imperitaret.
790 1041 973 1095 Judaeos
998 1079 1011 1101 ,
1052 1039 1189 1102 jussos
1229 1056 1256 1086 a
1290 1038 1353 1088 C.

67 1104 245 1154 Caesare
266 1108 468 1174 effigiem
488 1110 582 1171 ejus
600 1111 650 1157 in
666 1109 840 1172 templo
854 1108 1008 1155 locare
1022 1145 1034 1167 ‚
1052 1124 1180 1155 arma
1194 1103 1352 1170 potitis

63 1166 293 1237 sumpfiffe
330 1180 347 1226 <
373 1190 511 1241 quem
539 1191 717 1222 motum
749 1171 936 1223 Caesaris
965 1191 1090 1221 mors
1122 1172 1356 1236 diremit)

66 1236 201 1285 docet
225 1237 412 1288 Tacitus
438 1240 613 1288 Annal.
633 1240 696 1301 V,
722 1259 770 1297 9.

131 1303 340 1364 Raptare
368 1307 488 1353 inter
504 1307 575 1370 se.
614 1305 715 1355 Has
743 1307 1074 1354 Samaritarum
1115 1303 1349 1353 Galilaeo-

67 1385 263 1437 rumque
290 1370 586 1435 ⁴‹⁷rassati0nes
613 1378 657 1418 &
679 1374 922 1420 latrocinia
943 1370 1077 1418 fusnis
1100 1369 1348 1437 prosequi-

42 1449 134 1505 rtur
151 1434 292 1502 josef
330 1455 379 1485 us
403 1476 415 1498 ,
447 1437 563 1486 Bell.
588 1436 696 1491 Jud.
719 1439 763 1487 II
783 1477 797 1500 ,
833 1457 886 1486 12.
907 1476 920 1499 ,
944 1450 1073 1485 num.
1102 1454 1123 1500 3
1154 1443 1199 1484 δε
1221 1435 1353 1504 seqq.

129 1566 256 1617 CAP.
274 1568 384 1618 LV.
414 1567 663 1633 Clitaruqr..
684 1569 842 1629 Clitae,
869 1568 1047 1617 Ciliciae
1069 1565 1237 1632 asperae
1258 1584 1349 1632 po-

65 1634 165 1698 puli
193 1652 206 1695 3
240 1635 295 1681 de
318 1634 600 1701 quibus'jam
626 1633 757 1701 suprsi
782 1635 957 1683 Annal.
975 1634 1078 1694 VI,
1114 1649 1194 1691 41.
1267 1648 1273 1652 ’

135 1698 425 1748 Mercatores
454 1699 503 1748 ὓ·
527 1701 861 1751 navicularios.
891 1701 968 1748 De
995 1700 1156 1766 quibus
1179 1697 1350 1747 Callis-

68 1777 207 1813 tratus
227 1805 240 1826 ‚
258 1766 436 1834 Digest.
451 1767 551 1814 libr.
569 1767 628 1815 L.
641 1768 738 1817 Tit.
760 1775 803 1816 6.
817 1768 871 1815 de
891 1766 919 1820 J
925 1784 1002 1814 ure
1021 1767 1319 1814 immunitatis
1335 1803 1351 1826 ,

62 1831 158 1897 leg.
183 1848 226 1892 5.
264 1832 595 1899 Negotiatores
623 1874 638 1896 ‚
671 1836 744 1900 qui
777 1850 1011 1882 annonam
1042 1831 1179 1882 Urbis
1208 1830 1351 1894 adju-

60 1911 181 1947 vant
202 1937 215 1958 ,
255 1899 361 1946 irem
394 1899 714 1961 navicularii,
755 1900 829 1965 qui
863 1915 1061 1948 annonae
1092 1896 1352 1962 Urbisser-

61 1963 201 2014 vium:
220 2002 236 2026 ‚
271 1964 606 2014 immunitatem
630 1983 658 2013 a
687 1965 950 2014 muneribus
974 1963 1172 2025 publicis
1195 1964 1353 2029 confes

61 2044 296 2096 quuncw,
329 2030 543 2097 quamdiu
567 2032 615 2081 in
648 2032 858 2097 ejusmodi
891 2030 992 2079 αὸέιι
1011 2032 1145 2095 sunt.

131 2094 318 2144 Ciuitas
338 2097 696 2165 Anemuriensis.
715 2099 1025 2147 Anemurium
1044 2136 1056 2156 ,
1079 2096 1182 2145 urbs
1201 2097 1347 2146 mari-

65 2163 178 2223 tima
199 2161 374 2210 Ciliciae
390 2203 404 2225 ‚
434 2182 557 2213 nunc
584 2181 772 2233 quoque
800 2164 965 2212 dieitur
990 2163 1214 2211 Anemur.

132 2227 236 2277 Rex
277 2230 373 2293 ejus
407 2247 496 2278 orae
533 2230 807 2280 Antiochus.
839 2229 1100 2278 Antiochus
1137 2228 1231 2288 IV,
1267 2245 1349 2277 rex

0 2340 8 2356 ‚
67 2293 441 2359 Commagenae,
478 2295 534 2345 de
567 2315 661 2364 quo
694 2299 888 2346 diximus
928 2298 976 2344 in
1006 2295 1346 2361 Supplemento

0 2361 16 2372 ”
63 2359 242 2409 Annal.
277 2361 349 2409 IX
371 2401 383 2421 ,
422 2381 496 2410 20.
533 2362 698 2412 Praeter
727 2364 1102 2429 Commagenem
1127 2400 1141 2423 ,
1171 2361 1347 2409 Antio-

0 2456 12 2502 'k
65 2426 177 2474 chus
207 2427 460 2492 possidebat
487 2430 535 2476 in
557 2429 721 2480 Cilicia
745 2428 1079 2478 Laeanatidem
1097 2467 1111 2491 ,
1141 2434 1184 2477 &
1206 2426 1347 2476 Eleu*

7 2555 14 2568 Ι
61 2492 160 2543 sam
185 2491 375 2543 insulam
401 2494 577 2544 Ciliciae
598 2499 879 2563 proximam.

124 2623 255 2682 ΕΑΒ.
276 2624 409 2682 LVI.
444 2626 624 2679 Lacum
653 2627 898 2685 Fucinum.
935 2625 1254 2744 Nuncsl‘ffaC
1290 2622 1343 2677 de

1134 2710 1185 2750 ni,
