1659 2917
238 107 698 150 ANNALIUM
747 88 912 145 Lrn.
954 83 1118 147 XIV.
1221 96 1332 166 167

52 189 368 272 tapetium»
382 232 395 245 .
417 185 611 245 Fabius
633 185 883 242 Rusticus
905 233 920 256 ,
949 215 981 240 oc
1002 211 1117 245 non
1133 186 1334 270 Agrip-

60 274 243 354 aepinae
261 318 278 343 ,
301 269 399 330 sed
415 268 629 327 Neroni
645 268 896 348 cupitum
912 269 971 325 id
985 299 1016 321 υ
1030 293 1329 346 memorat,

69 382 102 406 te
124 352 486 433 ejusdemque
538 350 748 410 libertae
795 351 907 408 astu
951 351 1245 432 disjectum
1270 386 1328 415 ιο.

58 437 169 496 Sed
197 460 316 517 quae
342 435 578 495 Cluvius
600 483 616 507 ‚
661 431 863 493 eadem
895 437 1065 493 ceteri
1102 460 1327 518 quoque

57 524 306 580 auctores
329 518 625 603 prodidere
644 541 660 595 ⁰,
685 526 742 578 &
763 515 916 575 fama
935 519 1043 577 huc
1063 519 1296 580 inclinat
1312 570 1329 594 ,

55 601 152 663 seu
185 604 442 686 concepit
478 603 669 660 animo
705 622 926 659 tantum
963 602 1330 664 immanitatis

56 686 368 769 Agrippina
384 733 401 757 ‚
442 684 536 744 seu
560 683 882 742 credibilior
900 707 1055 743 novae
1080 685 1330 747 libidinis

56 768 356 829 meditatio
381 770 440 826 in
471 767 534 826 ea
559 765 670 826 visa
699 769 774 826 est
796 815 812 839 ‚
854 790 973 848 quae
996 768 1331 851 puellaribus

57 852 213 910 annis
241 854 485 934 stuprum
511 874 642 909 cum
667 850 884 932 Lepido
907 875 931 923 ,’
954 850 1045 935 spe
1069 852 1332 913 domina·-

61 935 228 994 tionis
254 984 271 1007 ‚
311 932 607 994 admiserat
629 982 646 1007 ‚
690 935 809 1017 pari
853 936 1114 1016 cupidine
1160 937 1331 1019 usque

57 1018 130 1077 ad
152 1017 311 1078 libita
336 1018 598 1077 Pallantis
626 1016 919 1099 provoluta
938 1066 954 1090 ‚
999 1028 1056 1079 &
1091 1024 1330 1081 exercita

58 1101 130 1161 ad
154 1125 325 1160 omne
355 1102 630 1183 flagitium
657 1101 838 1182 patrui
863 1103 1088 1183 nuptiis,

148 1187 247 1242 ΙΙΙ.
286 1189 497 1244 Ion-un
536 1185 687 1242 Nero
726 1185 899 1242 vitare
941 1183 1176 1246 secretos
1214 1193 1330 1267 ejus

56 1265 371 1327 conoressus
399 1292 411 1325 ε
451 1265 845 1326 abscedentem
872 1267 933 1324 in
963 1269 1153 1328 hortos
1180 1317 1196 1341 ,
1235 1292 1329 1330 aut

57 1319 438 1410 Tufflulanum
463 1398 480 1422 ‚
527 1349 616 1408 vel
655 1349 949 1409 Antiatem
979 1353 1039 1410 in
1082 1376 1280 1436 agrum
1310 1402 1329 1427 ,

56 1433 283 1494 laudare
307 1481 324 1507 ‚
361 1461 394 1486 ec
411 1432 566 1514 quod
589 1433 771 1491 otium
799 1432 1080 1496 lacefferet
1095 1466 1154 1496 ιο.
1198 1436 1329 1496 Pos-

60 1519 244 1577 tremo
256 1566 273 1590 ‚
289 1517 633 1598 ubicumque
647 1516 944 1576 haberetur
957 1566 973 1591 ‚
991 1542 1329 1602 praegravem

56 1623 201 1659 ratus
219 1649 235 1673 ‚
256 1600 568 1660 interficere
588 1601 868 1659 constituit
887 1626 899 1658 :
918 1602 1182 1661 hactenus
1204 1627 1329 1662 con-

55 1682 261 1743 sultans
282 1731 299 1756 ‚
336 1710 368 1734 oe
383 1705 603 1742 veneno
626 1730 643 1754 ,
675 1706 744 1740 an
765 1681 914 1741 ferro
935 1732 951 1756 ‚
977 1685 1067 1744 vel
1090 1686 1198 1766 qua
1223 1687 1328 1745 alia

57 1767 157 1824 :ovi
175 1796 233 1824 υ.
278 1765 601 1844 Placuitque
639 1767 822 1846 primo
860 1789 1161 1828 venenum.
1217 1769 1328 1829 Sed

57 1851 204 1908 inter
247 1848 432 1932 epulas
463 1848 729 1928 Principis
762 1847 801 1905 fi
835 1848 1056 1909 daretur
1078 1899 1095 1923 ‚
1134 1850 1328 1911 referri

54 1932 128 1992 ad
145 1930 328 1990 casum
352 1955 468 1991 non
488 1952 704 2013 poterat
721 1979 738 2002 ‚
764 1931 861 1989 tali
881 1939 998 2013 jam
1021 1935 1328 1995 Britannici

52 2015 226 2076 exitio
248 2039 265 2093 3
299 2024 356 2076 &
379 2015 654 2073 ministros
677 2035 890 2074 tentare
913 2016 1151 2076 arduum
1173 2018 1328 2078 vide-

53 2099 216 2159 batur
260 2097 514 2158 mulieris
545 2146 561 2171 ‚
611 2095 708 2157 usu
748 2096 1020 2159 scelerum
1067 2101 1327 2162 adversus

52 2180 276 2240 infidias
307 2183 532 2241 intentae
559 2206 571 2239 ε
611 2202 778 2263 atque
806 2181 919 2265 ipsa
942 2182 1340 2267 praesumendo

54 2263 308 2324 remedia
360 2265 638 2324 munierat
695 2288 908 2348 corpus,
990 2269 1216 2328 Ferrum
1265 2277 1325 2330 δε

58 2347 230 2407 caedes
252 2371 501 2428 quonam
523 2348 699 2407 modo
720 2349 1087 2410 occultaretur
1104 2399 1121 2424 ,
1151 2376 1325 2412 nemo

56 2431 404 2512 reperiebat3
450 2439 508 2491 &
530 2479 546 2503 ,
583 2455 654 2490 ne
685 2432 807 2512 quis
832 2481 848 2505 ‚
882 2433 965 2492 illi
998 2455 1154 2494 tanto
1186 2434 1323 2494 faci-

54 2514 182 2575 nori
202 2513 445 2575 deleeaeus
464 2563 482 2590 ,
513 2513 647 2596 juffa
669 2514 950 2598 sperneret
970 2566 989 2592 ,
1015 2518 1319 2580 metuebat.

1355 224 1543 250 ετξ

1354 270 1544 312 A.U;C;

1399 345 1505 387 812.

1406 501 1485 542 59·
