1659 2917
290 138 763 179 ANNArruM
817 118 982 177 L113.
1026 117 1190 180 XIV.
1288 140 1391 195 173

131 218 324 281 ceteris
367 239 574 277 terrore
619 216 1068 298 inrumpentium
1115 217 1402 276 exterritis,
1428 226 1618 273 Ξ*

130 299 412 376 Cubiculo
461 299 755 359 modicum
805 299 1001 356 lumen
1052 299 1231 358 inerat
1263 347 1280 371 ,
1344 309 1402 359 &
1429 292 1479 331 A.
1497 292 1546 329 U·
1568 290 1620 330 0.

128 379 458 442 ancillarum
496 407 644 443 una:
696 381 873 464 magis
920 404 981 438 ac
1028 383 1204 463 magis
1244 382 1401 440 anxia
1465 361 1590 474 58¹3·

126 463 436 546 Agrippina
463 513 478 538 ‚
523 466 675 548 quod
713 487 886 524 nemo
930 487 963 522 a
1005 462 1122 521 filio
1152 511 1169 535 ‚
1224 488 1285 522 ac
1326 489 1397 525 ne
1491 459 1588 557 39..

124 545 406 629 Agerinus
443 550 696 630 quidem.
746 547 940 607 Aliam
975 543 1092 605 fere
1128 546 1291 606 litore
1324 547 1402 606 fa-

127 632 275 689 ciem
296 656 442 691 nunc
457 680 473 703 ,
489 630 852 691 solitudinem
870 654 930 689 ac
949 631 1268 711 repentinos
1286 632 1405 691 stre-

122 714 271 796 pitus
293 763 309 786 ‚
354 724 411 774 &
435 716 671 774 extremi
698 713 833 772 mali
855 712 1080 771 indicia.
1137 713 1406 775 Abeunte

127 795 331 855 dehinc
354 797 584 870 ancilla,
610 799 742 857 «Tu
761 818 987 878 quoque
1009 818 1102 855 me
1125 795 1327 856 deseris
1341 827 1405 871 22,

123 879 445 961 prolocuta,
474 880 694 964 respicit
720 880 1028 940 Anicetum
1048 926 1065 952 ,
1100 880 1404 941 trierarcho

122 964 404 1024 Herculeo
427 1012 444 1036 ‚
488 973 545 1024 &
569 963 832 1024 Oloarito
855 1011 873 1037 ‚
912 964 1239 1023 centurione
1268 963 1404 1024 clas-

123 1043 283 1106 fiario
300 1095 316 1120 ,
351 1049 704 1107 comitatum.
742 1046 826 1106 Ac
845 1094 862 1119 ,
896 1074 929 1097 cc
949 1045 988 1104 fi
1011 1046 1081 1104 ad
1107 1045 1405 1107 visendum

123 1128 402 1190 :oveniffet
441 1177 458 1202 ‚
519 1129 813 1190 refotam»
871 1131 1155 1189 nuntiaret
1195 1155 1207 1188 :
1259 1160 1292 1183 α
1324 1131 1405 1192 sin

121 1210 378 1273 „facinus
403 1234 710 1294 patraturus
731 1261 746 1285 ‚
783 1212 926 1271 nihil
954 1210 1008 1272 se
1036 1213 1107 1271 de
1139 1212 1258 1272 filio
1286 1237 1408 1276 cre-

120 1295 300 1355 „dere
330 1320 347 1373 3
395 1319 512 1354 non
564 1297 908 1379 imperatum
961 1296 1325 1377 parricidium
1344 1327 1405 1358 ιο.

125 1377 773 1445 Circumsistuntlecstum
791 1377 1157 1462 percufforeS,
1178 1388 1236 1440 &
1253 1382 1407 1462 prior

121 1461 449 1521 trierarchus
475 1460 602 1521 fusti
640 1483 801 1544 caput
835 1469 950 1543 ejus
977 1462 1205 1522 adflixit.
1251 1466 1408 1525 Nam

98 1544 181 1604 ‘in
232 1567 480 1606 mortem
533 1546 852 1605 centurioni
900 1543 1114 1605 ferrum
1166 1546 1405 1607 destrin-

121 1629 316 1711 genti,
355 1629 699 1711 protendens
750 1650 974 1689 uterum
1000 1675 1016 1700 ,
1071 1631 1406 1691 «Ventrem

117 1709 342 1784 soseri»,
363 1711 723 1772 exclamavit:
751 1710 1054 1791 multisque
1076 1712 1403 1774 vulneribus

121 1791 375 1855 confecta
412 1796 504 1854 est.

211 1879 314 1936 IX.
335 1880 485 1936 HAEc
507 1874 773 1936 consensu
797 1875 1128 1960 produntur.
1151 1874 1399 1959 Aspexe-

119 1958 263 2020 ritne
281 1982 526 2020 matrem
542 1961 863 2021 exanimem
880 1962 1054 2033 Nem,
1075 1969 1131 2021 &
1148 1957 1399 2020 formam

116 2046 360 2126 corporis
396 2051 511 2125 ejus
544 2042 853 2104 laudaverit
876 2092 893 2117 ,
933 2042 1059 2103 sunt
1093 2043 1191 2124 qui
1222 2044 1397 2102 tradi-

116 2126 340 2199 derint,
371 2125 496 2187 sunt
541 2127 639 2208 qui
680 2126 946 2186 abnuant.
1000 2129 1271 2189 Cremata
1317 2129 1395 2187 est

116 2213 281 2269 nocte
312 2208 511 2283 eadem
544 2258 561 2283 ,
608 2211 884 2270 convivali
914 2210 1060 2270 lecito
1086 2257 1104 2283 ‚
1147 2219 1204 2271 δε
1240 2209 1393 2271 exse-

116 2292 260 2373 quiis
290 2291 507 2354 vilibus,
550 2295 753 2374 Neque
777 2340 795 2366 ‚
833 2294 972 2353 dum
1007 2295 1161 2353 Nero
1202 2316 1392 2354 rerum

118 2375 475 2458 potiebatur,
532 2378 787 2458 congesta
826 2386 884 2438 δε
925 2375 1103 2436 clausa
1144 2377 1391 2455 humus3

117 2480 250 2517 mox
269 2458 702 2521 domesticorum
721 2459 848 2519 cura
860 2508 877 2534 ‚
898 2459 1084 2521 levem
1105 2460 1391 2519 tumulum

116 2542 332 2625 accepit
352 2590 371 2618 ,
411 2545 561 2606 viam
587 2541 798 2606 Miseni
820 2566 1047 2628 propter
1070 2591 1086 2616 ‚
1116 2552 1173 2603 &
1195 2542 1390 2602 villam

1036 2629 1091 2688 H
1135 2626 1195 2708 iij
