1725 2983
63 298 136 308 ”-

63 310 245 317 *vd*

62 347 111 382 A.
136 344 183 379 U.
204 341 255 381 C.

107 415 214 463 804.

102 491 139 529 J.
175 490 225 529 C.

127 562 204 608 5¹·

279 161 357 229 84
445 157 517 214 C.
563 157 1013 215 CORNELII
1066 159 1372 218 TAC1T1

276 253 380 312 Ille
402 254 689 336 propalam
713 255 923 315 incerta
940 305 956 329 ,
997 265 1054 317 δε
1078 255 1262 340 saepius
1287 257 1546 316 molliora

278 336 635 419 respondens,
655 336 870 398 secretis
890 340 1097 398 nuntiis
1114 361 1309 399 monet
1323 340 1550 400 Rhada-

281 421 535 493 mistum‚
563 424 1087 504 ocoppugnationem
1116 446 1345 503 quoquo
1369 422 1547 480 modo

277 503 560 564 „celerare
579 535 636 563 ιο.
683 506 937 587 Augetur
966 506 1161 586 flagitii
1192 527 1403 564 merces
1427 552 1443 576 ‚
1489 513 1549 564 &

276 588 458 648 Pollio
491 587 707 646 occult&
739 588 1092 670 corruptione
1124 587 1368 670 impellit
1394 586 1549 644 mili-

278 692 358 731 tes
390 718 406 743 ‚
456 691 515 728 ut
563 698 597 722 cc
620 693 816 753 pacem
842 700 873 723 υ
924 671 1234 752 flagitarent
1255 718 1271 742 ‚
1322 698 1354 721 ιε
1381 668 1550 749 seque

277 753 570 837 „ptaefidio
619 754 864 813 abituros
884 783 917 806 υ)
960 755 1367 812 minitarentur.
1424 752 1556 826 Qud

281 836 592 896 neceffitate
616 884 631 908 ‚
674 836 1039 895 Mithridates
1070 836 1224 895 diem
1249 837 1554 915 locumque

283 917 485 979 foederi
511 919 721 1000 accepit
746 965 762 990 ‚
809 919 1140 999 castelloque
1173 918 1471 1001 egreditur.

361 1004 604 1062 XLVII.
621 1003 709 1060 Ac
731 1023 923 1059 PRIMO
943 1002 1332 1061 Rhadamistus
1352 1002 1411 1059 in
1430 1023 1558 1058 am‹

277 1083 468 1166 plexus
493 1092 606 1166 ejus
632 1081 828 1143 effusus
852 1132 868 1155 ,
900 1083 1154 1143 fimulare
1186 1083 1517 1164 obsequium
1535 1129 1554 1155 ,

291 1195 326 1218 cc
350 1166 600 1226 socerum
625 1196 657 1220 α)
697 1190 758 1224 ac
803 1193 835 1217 cc
858 1187 1148 1248 parentem
1177 1196 1210 1218 α)
1262 1166 1557 1248 appellare.

284 1250 499 1332 Adjicit
527 1248 909 1331 jusjurandum
934 1297 950 1321 ,
1001 1277 1033 1300 cc
1064 1273 1178 1306 non
1209 1247 1358 1308 ferro
1380 1296 1397 1320 ‚
1443 1271 1561 1306 non

285 1356 551 1393 aeveneno
572 1335 691 1393 vim
715 1332 1013 1391 allaturum
1029 1361 1061 1384 ω
1076 1356 1087 1389 :
1105 1330 1264 1389 simul
1286 1333 1344 1389 in
1369 1331 1561 1390 lucum

290 1418 674 1499 propinquum
705 1415 872 1474 trahit
892 1463 908 1487 ‚
955 1442 988 1465 cc
1008 1413 1290 1496 provisum
1323 1413 1437 1472 illic
1478 1413 1565 1472 sa-

206 1541 210 1543 -
286 1500 605 1559 merificium
655 1499 1052 1581 imperatum»
1100 1497 1395 1569 di&itan3‚
1446 1517 1563 1556 «ηε

285 1583 436 1642 mdiis
475 1582 696 1642 testibus
735 1604 837 1663 pax
874 1581 1263 1641 firmaretur».
1310 1581 1446 1639 Mos
1487 1581 1566 1639 est

289 1665 510 1748 regibus
535 1713 551 1737 ‚
594 1666 852 1746 quotiens
882 1665 939 1722 in
966 1662 1289 1723 societatem
1317 1684 1516 1722 coeant
1545 1710 1564 1735 ‚

287 1749 576 1831 implicare
630 1747 888 1818 dextras,
939 1745 1276 1829 pollicesque
1308 1746 1463 1804 ‘inter
1509 1744 1568 1805 se

289 1833 499 1891 vincire
519 1879 535 1904 ‚
573 1830 840 1910 nodoque
868 1830 1237 1911 praestringere
1265 1854 1277 1887 ε
1318 1852 1448 1887 mox
1469 1829 1568 1887 ubi

289 1914 506 1996 sanguis
547 1914 607 1970 in
652 1933 797 1970 artus
840 1929 1118 1970 extremos
1166 1910 1219 1972 se
1260 1909 1520 1971 effuderit
1547 1958 1568 1984 ‚

291 1997 402 2057 levi
423 1998 537 2056 istu
555 2017 812 2054 cruorem
839 1993 1070 2052 eliciunt
1090 2040 1106 2066 ,
1139 2016 1306 2075 atque
1324 1994 1571 2054 invicem

293 2080 593 2140 lambunt:
640 2077 699 2136 id
748 2075 930 2136 foedus
980 2099 1242 2136 arcanum
1294 2077 1568 2151 habetur,

295 2163 446 2246 quasi
475 2182 674 2221 mutuo
705 2182 897 2219 cruore
926 2158 1214 2219 sacratum.
1263 2160 1371 2218 Sed
1402 2181 1589 2233 tunc,

295 2247 395 2327 qui
433 2269 497 2304 ea
532 2242 754 2305 vincula
785 2242 1123 2302 admovebat
1146 2291 1163 2315 ,
1205 2240 1468 2322 decidiffe
1508 2242 1575 2301 fi-

296 2328 515 2388 mulans
539 2377 555 2402 ‚
596 2350 774 2410 genua
812 2325 1163 2385 Mithridatis
1200 2322 1453 2397 invadit,
1489 2327 1574 2408 ip-

297 2411 532 2492 sumque
586 2410 876 2492 prosternit
910 2435 921 2468 :
971 2407 1244 2490 simulque
1274 2480 1277 2483 .
1306 2407 1576 2468 concursu

297 2495 540 2579 plurium
559 2493 882 2574 injiciuntur
899 2513 1135 2568 catenae3
1169 2516 1229 2551 ac
1255 2491 1528 2572 compede
1550 2539 1570 2562 ,

296 2577 452 2662 quod
501 2576 844 2638 dedecorum
895 2575 1137 2636 barbaris
1164 2622 1184 2651 ,
1228 2574 1576 2637 trahebatur..
