1725 2983
264 145 347 205 '66
450 148 522 205 C.
570 146 1021 205 CORNELH
1071 148 1375 208 TAc1T1

58 274 248 299 ===
351 245 573 305 XXIV.
617 246 712 304 RE
731 268 764 302 G
781 267 880 305 UM
925 246 986 305 in
1022 269 1089 306 eo
1116 248 1368 308 'ambitio
1391 295 1408 320 ‚
1449 244 1540 307 vel

59 328 109 367 A.
133 331 180 367 U·
201 327 250 367 C.
273 326 486 411 gloria,
520 328 666 387 varie
709 327 946 411 vulgata.
996 329 1101 389 Sed
1138 331 1360 390 initium
1405 354 1539 389 con-

96 398 206 512 ξοέ·
272 411 446 471 dendi
459 459 477 483 ,
494 419 550 471 ὃ(
564 411 719 492 quod
731 413 1049 492 pomerium
1063 413 1338 473 Romulus
1357 413 1540 495 posue-

127 498 135 510 '
206 501 218 513 ’
274 497 345 554 rit
369 543 385 568 ‚
425 493 648 554 noscere
672 495 822 554 haud
852 495 1150 554 absurdum
1186 519 1324 555 reor.
1367 498 1538 578 Igitur

273 604 306 639 a
333 577 457 637 foro
488 578 680 637 boario
701 625 718 650 ‚
762 578 859 637 ubi
895 602 1100 638 aereum
1141 581 1282 637 tauri
1330 578 1545 637 simula-

274 684 433 722 crum
450 660 741 744 aspicimus
759 710 775 734 ,
800 662 928 742 quia
940 662 1000 720 id
1023 685 1195 745 genus
1212 661 1542 720 animalium

270 767 453 806 aratro
475 744 725 805 subditur
746 792 764 818 ,
797 745 974 805 sulcus
997 745 1323 828 designandi
1346 744 1544 828 oppidi

272 850 481 912 coeptus
503 877 521 901 ,
558 850 619 888 ut
648 852 914 911 magnam
946 829 1200 888 Herculis
1231 852 1384 887 aram
1420 851 1544 887 am-

271 913 621 995 plecteretur.
668 913 810 971 Inde
851 913 1012 971 certis
1045 910 1226 995 spatiis
1270 911 1546 992 interjecti

270 996 483 1078 lapides
498 1043 514 1069 ‚
543 1018 638 1078 per
661 996 777 1053 ima
800 996 1008 1055 montis
1030 995 1265 1054 Palatini
1292 995 1361 1054 ad
1390 1018 1546 1053 aram

271 1078 442 1139 Confi
464 1127 480 1150 ‚
521 1101 655 1136 mox
684 1078 756 1136 ad
785 1079 981 1136 Curias
1010 1099 1223 1138 veteres
1248 1125 1264 1149 ‚
1310 1099 1433 1137 tum
1473 1076 1546 1136 ad

268 1161 545 1222 sacellum
585 1162 814 1220 Larium
856 1159 1161 1242 fotumque
1199 1163 1545 1219 Romanum.

273 1245 623 1328 Capitolium
640 1268 757 1303 non
772 1268 802 1303 a
815 1244 1066 1303 Romulo
1085 1292 1101 1316 ,
1125 1242 1221 1304 sed
1241 1267 1270 1302 a
1283 1245 1355 1302 T.
1374 1243 1546 1301 Tatio

271 1329 533 1389 additum
549 1327 696 1386 Urbi
714 1326 1018 1387 credidere.
1038 1328 1182 1386 Mox
1200 1348 1300 1409 pro
1324 1323 1549 1385 fortuna

270 1411 591 1496 pomerium
611 1414 854 1470 auctum.
878 1413 946 1470 Et
969 1433 1107 1491 quos
1131 1431 1254 1469 tum
1271 1408 1542 1468 Claudius

272 1496 547 1556 terminos
605 1493 845 1576 posuerit
872 1542 889 1567 ,
947 1491 1111 1553 facile
1163 1492 1392 1575 cognitu
1418 1517 1437 1563 ,·
1489 1499 1549 1554 &

274 1578 511 1661 publicis
541 1572 672 1635 actis
712 1576 1091 1660 perscriptum.

279 1713 281 1715 ,
360 1662 554 1720 XXV.
578 1661 649 1717 C.
673 1659 984 1732 ANTISTIO,
1007 1660 1096 1720 M.
1122 1655 1320 1718 Suillio
1349 1656 1548 1716 consu-

64 1732 116 1775 Α·
140 1733 189 1772 U·
209 1730 258 1772 C.
277 1741 421 1802 libus
440 1791 457 1816 ,
493 1741 721 1823 adoptio
744 1741 802 1800 in
825 1742 1157 1800 Domitium
1175 1789 1191 1814 ‚
1223 1742 1550 1801 auctoritate

110 1801 220 1916 ξοζ
277 1827 538 1886 Pallantis
550 1874 567 1899 ,
592 1824 876 1884 festinatur
898 1850 910 1883 ε
935 1826 1032 1906 qui
1049 1825 1333 1883 obstrictus
1346 1822 1552 1907 Agrip-

135 1902 222 1998 30..
276 1911 418 1993 pinae
439 1958 457 1983 ‚
494 1930 555 1968 ut
583 1907 906 1968 conciliator
934 1908 1253 1990 nuptiarum
1273 1953 1290 1979 ‚
1331 1915 1388 1967 &
1415 1929 1551 1966 mox

276 1995 461 2076 stupro
475 2000 589 2073 ejus
600 1991 879 2075 inligatu8‚
890 1990 1205 2051 stimulabat
1218 1988 1547 2062 Claudium,

286 2104 320 2128 cc
339 2075 649 2136 consuleret
681 2073 993 2159 reipublicae
1015 2122 1031 2146 ,
1077 2073 1384 2135 Britannici
1409 2096 1548 2156 pue—

275 2161 510 2219 mritiam
558 2159 758 2218 robore
807 2156 1194 2218 circumdaret.
1260 2156 1345 2215 Sic
1399 2155 1548 2238 apud

273 2273 310 2300 :n
323 2244 519 2303 divum
532 2242 865 2325 Augustum,
879 2265 1225 2323 quamquam
1250 2240 1548 2321 nepotibus

275 2356 310 2383 ο)
320 2326 634 2399 subnixum,
652 2324 878 2409 viguisse
898 2326 1177 2409 privignos
1200 2347 1257 2383 :a
1274 2323 1510 2403 Tiberio
1531 2371 1549 2396 ‚

275 2410 794 2493 msuperproptiam
832 2411 1055 2492 stirpem
1079 2457 1096 2483 ,
1140 2407 1548 2468 Germanicum

222 2522 225 2524 ·
275 2493 696 2576 »adsumptum.
742 2495 809 2553 Se
850 2515 1076 2574 quoque
1115 2492 1428 2572 accingeret
1466 2498 1547 2571 ju-

277 2601 509 2652 aovene,
561 2597 776 2662 partem
830 2599 1086 2636 curarum
1148 2573 1546 2659 capessituroan.

119 552 200 593 49.
