1659 2917
306 168 778 211 'ANNALIUM
815 151 977 208 LIB.
1025 144 1163 213 XV.
1248 170 1377 229 ‘2²7

95 247 354 315 &deduxi
371 298 388 323 ‚
423 250 520 331 qui
543 249 736 307 tertius
763 251 1024 330 potentiae
1055 249 1254 332 gradus
1275 251 1376 311 ha·-

99 334 337 394 aobetur:
358 357 490 392 nam
511 332 721 392 Medos
737 335 971 391 Pacorus
991 355 1343 417 anteceperat
1363 360 1375 394 :

103 418 492 499 :ovidebarque
533 437 726 475 contra
760 437 947 475 vetera
980 414 1215 475 fratrum
1244 420 1375 477 odia

99 510 205 563 ³0&
246 502 552 561 certamina
581 548 598 572 ‚
652 497 876 559 familiae
915 501 1105 558 nostrae
1149 523 1375 583 penates

101 587 252 645 :orite
302 581 665 667 composuisse
689 609 701 641 t
742 583 1043 666 prohibent
1086 585 1334 643 Romani
1359 634 1378 659 ‚

102 678 208 730 20&
237 691 432 751 pacem
455 667 576 750 ipsis
603 690 915 747 numquam
937 665 1192 750 prospere
1215 666 1383 728 laces-

102 751 307 811 :nfitam
331 799 348 823 ,
388 774 535 810 nunc
578 773 804 831 quoque
847 752 906 808 in
945 752 1176 810 exitium
1218 750 1383 812 suum

102 835 505 917 „abrumpunn
548 836 681 892 Non
707 834 806 893 ibo
835 834 1080 894 inficias:
1122 837 1383 916 aequitate

103 919 321 1001 :nquam
372 916 635 999 sanguine
664 966 682 990 ‚
734 918 894 977 causa
939 919 1112 1000 quam
1162 921 1330 979 armis
1359 966 1383 992 ,

102 1003 388 1062 „retinere
423 1024 576 1084 parta
612 1003 914 1082 majoribus
954 1002 1298 1061 malueram:
1340 1002 1382 1062 fi

102 1086 502 1146 :ocuncstatione
547 1084 799 1165 deliqui,
840 1086 1045 1146 virtute
1082 1086 1387 1167 corrigam.⁴

103 1171 346 1230 »Vestra
379 1168 614 1250 quidem
641 1170 721 1228 vis
766 1177 823 1228 &
856 1169 1034 1250 gloria
1069 1169 1128 1226 in
1158 1170 1383 1251 integro

102 1254 224 1312 mest
246 1301 261 1325 ‚
304 1252 494 1311 addita
523 1252 802 1310 modestiae
826 1250 1013 1331 fama3
1055 1275 1174 1334 qua:
1196 1275 1382 1333 neque

102 1335 378 1394 :osummis
407 1335 731 1394 mortalium
760 1333 1072 1417 spernenda
1100 1337 1176 1394 est
1198 1385 1215 1408 ‚
1259 1344 1318 1395 &
1350 1360 1385 1396 a.

101 1419 253 1478 „diis
277 1421 569 1478 aestimatur
585 1448 644 1478 ω.
666 1419 845 1477 Simul
869 1419 1190 1479 diademate
1217 1440 1385 1502 caput

103 1502 374 1563 Tiridatis
430 1503 639 1562 evinxit
678 1526 696 1580 3
751 1524 1072 1586 promptam
1123 1503 1385 1583 equitum

105 1609 340 1646 manum
366 1635 383 1658 ‚
429 1610 547 1666 quae
577 1608 772 1666 regem
809 1609 874 1645 ex
911 1609 1069 1645 more
1102 1585 1339 1645 sedtatur
1360 1632 1382 1659 ‚

104 1669 332 1730 Monesi
354 1716 370 1741 ,
407 1668 589 1727 nobili
632 1669 753 1727 vito
782 1716 800 1740 ‚
839 1668 1107 1740 tradidit,
1151 1669 1382 1747 adjecstis

106 1751 537 1812 Adiabenorum
559 1751 770 1809 auxiliis
792 1776 805 1809 ε
830 1752 1232 1832 mandavitque
1244 1752 1383 1810 «Ti-

104 1859 361 1918 mgtanen
389 1834 663 1894 Armenia
687 1835 1036 1908 exturbari»,
1061 1835 1200 1893 dum
1227 1833 1342 1917 ipse
1360 1850 1387 1908 ‚'

105 1918 290 2004 positis
313 1917 571 1978 adversus
593 1920 877 1995 Hyrcanos
898 1916 1183 1976 discordiis
1200 1965 1217 1990 ‚
1238 1919 1385 1977 vires

105 2003 331 2062 intimas
349 2050 365 2075 ‚
394 2001 723 2082 molemque
748 2000 886 2062 belli
914 2003 1054 2075 ciet,
1081 2002 1384 2086 provinciis

109 2086 384 2147 Romanis
414 2085 698 2144 minitans·

190 2172 287 2229 III.
313 2172 469 2244 Qua·
493 2192 591 2228 um
624 2167 943 2228 Corbuloni
979 2168 1144 2227 certis
1173 2166 1385 2228 nuntiis

107 2252 300 2313 audita
320 2251 443 2312 sunt
464 2300 480 2325 ,
517 2251 766 2334 legiones
788 2252 923 2311 duas
948 2273 1078 2310 cum
1094 2252 1386 2313 Verulano

78 2368 83 2371 ·
111 2340 317 2397 Severo
336 2384 352 2417 2
386 2344 445 2396 ὃς
460 2335 659 2395 Vettio
678 2334 894 2395 Bolano
913 2384 929 2409 ‚
948 2332 1256 2394 subsidium
1277 2336 1385 2393 Ti-

113 2420 271 2502 grani
301 2419 478 2478 mittit
503 2467 520 2492 ‚
559 2417 781 2478 occulto
822 2439 1094 2502 ptaecepto
1115 2467 1131 2491 ‚
1177 2446 1210 2469 cc
1229 2441 1393 2476 com-

113 2532 150 2558 ω
160 2502 383 2587 politius
449 2507 646 2562 cuneta
687 2551 705 2575 ,
767 2503 940 2584 quam
1000 2499 1342 2561 festinantius
1371 2546 1392 2571 ,

112 2615 152 2645 ao
164 2607 392 2669 agerent
409 2611 470 2646 ao:
490 2587 697 2673 quippe
717 2586 935 2651 bellum
957 2586 1163 2730 habgre
1178 2632 1202 2683 ,ι
1219 2583 1395 2663 quam

1149 2689 1206 2750 VJ

1403 275 1597 303 z

1406 331 1456 370 A.
1481 333 1532 372 U.
1551 331 1604 374 c.
1635 379 1641 386 ,

1453 399 1564 451 815.

1448 475 1487 513 J.
1514 474 1569 514 C·

1470 543 1551 594 62.
