1725 2983
335 85 1212 146 .ANNAL1UML1B.XIL
1345 98 1428 161 79⁶

154 180 295 255 lium
326 186 470 245 veste
500 182 790 244 transvesti
819 180 959 240 sunt.
1016 184 1294 264 Spetstaret
1316 207 1420 265 po-
1436 204 1642 248 ======‚

153 266 311 350 pulus
359 269 505 327 hunc
556 267 758 327 decore
805 266 1168 347 imperatorio
1196 314 1211 337 ,
1259 266 1421 324 illum
1447 258 1498 298 A.
1518 259 1567 296 U·
1589 258 1628 297 C.

154 348 351 431 puerili
370 352 592 428 habitus,
610 375 670 410 ac
686 348 918 433 perinde
934 345 1219 406 fortunam
1235 348 1426 408 utrius·
1489 329 1601 445 3⁰2⁹

153 455 263 512 que
285 434 652 515 praesumeret.
675 430 887 504 Simul,
911 431 1009 511 qui
1031 433 1424 490 centurionum
1511 426 1604 528 31:

154 516 620 599 tribunorumque
644 517 850 577 sortem
875 515 1179 573 Britannici
1205 515 1426 574 misera-

154 599 356 658 bantur
380 649 396 673 ,
438 601 643 662 remoti
684 601 824 659 fietis
863 597 1029 656 caufis
1055 646 1072 670 ,
1110 606 1167 657 &
1205 597 1299 656 alii
1332 622 1428 680 per

155 681 395 765 speciem
421 685 648 743 honoris
672 709 684 742 z
707 685 879 743 etiam
899 681 1231 741 libertorum
1248 680 1286 739 s1
1308 684 1431 761 quis

153 767 471 850 incorrupta
496 767 608 827 fide
625 815 642 839 ,
663 765 992 850 depellitur,
1015 763 1112 823 tali
1129 763 1431 825 occasione.

155 849 335 908 Obvii
354 851 500 910 inter
520 850 594 923 se,
610 852 764 909 Nero
779 853 1156 907 Britannicum
1179 849 1433 921 nomine,

154 930 250 991 ille
276 937 589 992 Domitium
607 978 631 1004 ,
655 932 974 992 salutavere.
1001 931 1207 1007 Quod,
1240 953 1300 990 ut
1324 931 1437 990 dis-

157 1016 357 1075 cordiae
379 1018 609 1077 initium
627 1065 644 1089 ‚
674 1016 986 1100 Agrippina
1002 1015 1183 1073 multo
1207 1017 1399 1096 questu
1414 1064 1431 1088 ‚

155 1098 227 1157 ad
271 1102 539 1160 maritum
589 1099 773 1160 defert
805 1125 817 1158 :
873 1127 904 1150 cc
932 1097 1114 1181 sperni
1140 1129 1172 1152 υ
1228 1100 1436 1181 quippe

162 1211 197 1235 α
214 1183 580 1265 adoptionem
598 1207 613 1260 3
636 1205 868 1264 quaeque
891 1180 1203 1241 censuerint
1219 1203 1398 1264 patres
1417 1232 1435 1255 ,

155 1265 407 1344 »jusserit
429 1266 696 1350 populus,
723 1267 869 1325 intra
891 1285 1118 1347 penates
1143 1265 1397 1347 abrogari
1421 1293 1434 1326 z

150 1371 257 1407 mac
292 1348 393 1406 nifi
432 1351 667 1433 pravitas
706 1370 823 1408 tam
859 1347 1074 1407 infensa
1103 1348 1437 1411 docentium

152 1453 447 1492 marceatur
470 1481 486 1505 ,
528 1453 788 1516 eruptura
826 1433 885 1490 in
927 1431 1210 1514 publicam
1251 1434 1435 1515 perni-

151 1515 418 1575 sociem».
456 1518 804 1575 Commotus
834 1516 918 1573 his
943 1562 959 1587 ‚
1002 1514 1153 1597 quasi
1179 1517 1436 1589 crimini-

152 1598 256 1658 bus
278 1646 296 1670 ‚
332 1598 606 1659 Claudius
625 1648 643 1672 ‚
680 1600 964 1683 optimum
987 1621 1274 1680 quemque
1295 1600 1436 1659 edu-

153 1701 404 1739 catorem
429 1681 531 1738 filii
563 1681 748 1741 exsilio
774 1706 833 1740 ac
859 1702 1043 1740 morte
1073 1681 1263 1741 adficit
1290 1707 1302 1741 :
1334 1683 1435 1742 da·-

156 1761 349 1843 tosque
375 1787 407 1821 a
432 1763 669 1822 noverca
696 1812 713 1836 ‚
754 1763 1010 1823 custodiae
1035 1771 1148 1845 ejus
1170 1765 1433 1848 imponit.

236 1846 419 1904 XLII.
463 1848 743 1905 NONDUM
772 1869 964 1906 tamen
988 1845 1207 1906 summa
1243 1850 1434 1909 moliri

152 1927 464 2011 Agrippina
502 1929 745 1989 audebat
773 1979 789 2003 ‚
832 1929 892 1987 ni
920 1931 1301 2012 praetoriarum
1336 1956 1434 1993 co-

152 2011 403 2070 hortium
435 2013 561 2071 curfi
594 2012 1005 2074 exsolverentur
1032 2013 1222 2074 Lufius
1246 2019 1392 2077 Geta
1412 2064 1430 2090 ,

152 2103 213 2156 &
233 2095 429 2155 Rufius
453 2095 740 2179 Crispinus
758 2146 774 2170 ,
817 2120 956 2178 quos
981 2096 1291 2158 Meffalinae
1315 2124 1432 2161 me-

154 2200 340 2237 mores
356 2226 373 2251 ,
400 2187 457 2239 ὃς
481 2179 668 2240 liberis
692 2187 806 2262 ejus
831 2180 1119 2240 devinctos
1149 2183 1429 2244 credebat.

148 2261 333 2344 Igitur
343 2290 375 2314 cc
385 2262 613 2322 distrahi
639 2265 894 2324 cohortes
915 2265 1133 2324 ambitu
1151 2266 1391 2325 duorum
1411 2316 1428 2339 ,

154 2352 293 2417 ωδε,
328 2343 368 2404 fi
405 2347 474 2405 ab
510 2371 623 2406 uno
660 2359 1020 2431 regerentur,
1060 2349 1427 2410 intentiorem

153 2425 321 2487 :ofore
368 2428 767 2514 disciplinam»
818 2431 1172 2493 adseverante
1216 2455 1386 2492 uxore
1408 2479 1428 2504 ‚

153 2509 478 2576 transfertur
492 2515 749 2600 regimen
766 2515 1084 2578 cohortium
1103 2516 1174 2576 ad
1189 2519 1428 2575 Burrum

1100 2599 1260 2660 Div
