1659 2917
282 196 410 239 -ἈΝ
435 192 762 236 NAL1u-M
811 178 901 236 L1
929 200 978 236 Β.
1024 177 1190 238 XIV.
1282 197 1411 253 197·

121 273 182 339 ’δί
197 299 363 359 eques
384 325 401 350 ‚
420 275 688 358 protentis
711 274 870 333 hastis
885 313 901 346 ,-
926 273 1219 356 perfringit
1237 275 1392 356 quod
1419 297 1613 338 Ξ

123 362 355 421 obvium
376 370 432 420 &
455 358 705 419 validum
725 378 856 417 erat.
871 359 1064 417 Ceteri
1087 379 1239 439 terga
1261 382 1389 439 prae-
1416 356 1468 394 A.
1487 357 1536 393 U·
1557 357 1613 396 C·

120 444 289 503 buere
308 492 325 517 ,
357 440 574 503 difficili
603 439 811 524 effugio
835 488 852 513 ,
884 441 1015 519 quia
1035 441 1389 520 circumjecta
1455 426 1564 539 8¹23·

118 527 375 587 vehicula
418 524 691 608 sepserant
744 524 941 583 abitus.
999 525 1065 582 Et
1107 522 1267 583 miles
1316 549 1386 585 ne
1450 501 1524 611 δὲ,
1559 523 1572 538 ’
1627 556 1638 559 -

116 610 424 670 mulierum
444 608 681 690 quidem
702 608 827 667 neci
850 605 1197 689 temperabat
1219 631 1231 663 ε
1259 631 1390 667 con-
1528 595 1549 619 ⁸

117 692 347 775 fixaque>
379 692 502 752 telis
543 691 713 751 etiam
750 698 1045 773 jumenta,
1090 712 1392 771 corporum

116 775 410 835 cumulum
455 794 733 834 auxerant.
794 773 964 833 Clara
990 821 1007 846 ,
1049 781 1105 833 &
1148 774 1392 854 antiquis

113 859 356 918 vietoriis
398 880 495 941 par
522 905 538 930 ‚
579 858 642 917 ea
680 857 771 916 die
811 856 925 916 laus
954 860 1142 939 parta:
1183 858 1390 940 quippe

111 939 237 1001 sunt
269 942 368 1023 qui
406 939 593 1024 paullo
627 942 813 1009 'minus
837 988 853 1014 ,
896 940 1068 1021 quam
1103 942 1390 1021 o&oginta

107 1024 294 1084 millia
356 1027 756 1084 Britannorum
811 1021 1066 1083 cecidiffe
1123 1023 1346 1083 tradant
1370 1072 1388 1098 ,

109 1108 363 1168 militum
390 1107 810 1189 quadringentis
837 1105 1016 1167 ferme
1041 1105 1347 1167 interfedtis
1367 1154 1386 1180 ,

109 1214 214 1251 nec
242 1191 425 1250 multo
452 1189 689 1270 amplius
721 1190 1038 1250 vulneratis
1103 1190 1388 1252 Boudicea

108 1275 282 1333 vitam
299 1298 519 1335 veneno
537 1273 735 1333 finivit.
753 1277 820 1334 Et
839 1274 1059 1332 Poenius
1078 1276 1386 1347 Postumus,

102 1356 393 1438 praefecstus
446 1359 743 1417 castrorum
797 1356 1048 1416 secundae
1101 1356 1338 1437 legionis
1365 1406 1384 1431 ‚

103 1440 342 1521 cognitis
368 1438 995 1522 quartadecimanorum
1018 1439 1386 1500 vicesimano-

101 1544 342 1605 rumque
374 1522 645 1606 prosperis
670 1523 831 1583 rebus
852 1571 869 1596 2
904 1524 1035 1604 quia
1060 1525 1177 1603 pari
1203 1524 1382 1605 gloria

101 1605 392 1689 legionem
406 1605 561 1666 suam
579 1602 957 1677 fraudaverat,
978 1606 1382 1687 abnueratque‚

103 1710 298 1748 contra
314 1690 483 1748 ritum
505 1688 716 1749 militiae
733 1737 748 1761 ‚
771 1687 906 1771 juffa
918 1688 1072 1748 ducis
1084 1735 1101 1761 ‚
1124 1688 1178 1749 se
1196 1689 1379 1772 ipsum

102 1771 293 1854 gladio
329 1771 607 1853 transegit.

181 1856 523 1917 XXXVIII.
537 1857 944 1914 CONTRACTUS
964 1852 1171 1914 deinde
1188 1857 1375 1917 omnis

98 1939 368 1997 exercitus
394 1987 410 2011 ,
459 1937 557 1998 sub
601 1937 838 2020 pellibus
884 1938 1104 1997 habitus
1149 1941 1224 1997 est
1243 1987 1261 2011 ‚
1301 1941 1375 2000 ad

97 2019 314 2102 reliqua
327 2020 465 2081 belli
484 2019 867 2103 perpetranda.
880 2021 1166 2102 Auxitque
1189 2023 1375 2105 copias

96 2102 276 2162 Caesar
302 2151 319 2176 ‚
363 2105 529 2164 miffis
553 2127 582 2163 e
608 2103 915 2165 Germania
944 2106 1161 2188 duobus
1192 2104 1372 2189 legio-

96 2187 382 2246 nariorum
417 2187 665 2248 millibus
688 2237 703 2261 ‚
745 2192 871 2247 οέὶο
899 2188 1256 2248 auxiliarium
1274 2215 1370 2249 co-

94 2267 349 2329 hortibus
382 2316 398 2342 ,
439 2295 502 2331 ac
544 2271 701 2331 mille
748 2272 1027 2352 equitibus
1060 2297 1072 2330 z
1123 2296 1367 2354 quorum

95 2351 338 2413 adventu
363 2400 379 2425 ‚
427 2355 637 2413 nonani
676 2354 984 2436 legionario
1026 2355 1206 2415 milite
1245 2356 1368 2439 sup-

95 2433 232 2518 pleti
269 2434 408 2495 sunt.
452 2437 734 2498 Cohortes
759 2437 964 2519 alaeque
993 2439 1152 2498 novis
1181 2439 1368 2499 hiber-2

95 2516 303 2577 naculis
333 2518 520 2581 locatae
544 2567 560 2592 ‚
601 2520 867 2603 quodque
907 2523 1200 2581 nationum
1240 2546 1363 2579 arn-

94 2599 328 2685 biguum
347 2649 365 2680 ‚
389 2626 479 2666 aut
502 2603 794 2666 adversum
815 2602 995 2668 fuerat
1014 2653 1032 2680 ,
1054 2605 1173 2685 igni
1194 2625 1362 2686 atque

1069 2690 1096 2747 Ι
1141 2686 1201 2769 iij
