1637 2917
301 160 428 236 '430
518 157 590 218 IN
636 159 885 221 Lunum
930 176 1494 223 TERTmMDEmMuM‘

372 256 541 308 Amitae
557 255 757 306 libertus.
775 258 993 307 Domitiae
1011 298 1023 320 ‚
1041 259 1243 307 Neronis
1260 264 1430 322 amitae,
1448 274 1577 329 ereps'

306 340 374 373 tus
394 324 576 372 libertus
595 321 735 372 Paris.
777 323 914 378 Forte
937 326 1050 373 olim
1076 344 1164 391 pro
1186 327 1339 376 amitae
1358 326 1573 396 scriptum

303 389 388 439 fuit
413 388 654 438 Domitiae.

366 455 422 504 In
459 455 923 519 enuitaris‘judicium.
939 457 1150 505 Domitia
1162 496 1174 518 ,
1187 456 1389 506 Neronis
1407 461 1544 509 amita
1558 497 1574 522 ‚

301 474 515 571 Parnsem
525 525 866 588 pantomimum
884 561 895 582 ‚
915 525 1101 588 accepta
1120 524 1176 571 ab
1195 541 1249 571 eo
1269 527 1465 589 pecunia
1482 543 1572 590 pro

297 589 505 641 libertate
521 627 534 649 ‚
551 588 895 650 manumiserat3
915 605 1050 656 atque
1072 590 1133 636 ita
1151 591 1227 636 diu
1245 589 1329 638 fuit
1350 591 1572 639 Domitiae

297 655 497 704 libertus.
546 655 643 715 At,
673 654 972 703 invalescente
995 656 1153 720 postea
1184 656 1305 721 apud
1330 655 1571 705 Neronem

297 720 472 770 Paridis
499 723 643 788 gratia
665 760 677 780 ‚
722 724 757 769 is
790 719 833 768 se
873 720 959 768 effe
991 724 1275 787 ingenuum,
1316 728 1360 769 &
1398 725 1571 772 veritati

296 789 590 854 ingenuitatis
612 787 725 834 nihil
747 787 930 834 officere
952 787 1349 835 manumissionem
1375 805 1570 837 conten-

299 852 377 902 dit.
416 854 542 904 Vicit
566 871 664 899 non
696 852 786 900 {ine
815 853 1005 901 infamia
1029 852 1252 919 Principis
1276 867 1287 912 3
1325 853 1477 902 datam
1513 873 1570 903 ue

295 923 543 984 pecuniam
575 920 755 989 repetiit
774 957 786 979 ‚
829 936 877 966 ut
901 921 1149 983 accipimus
1175 937 1228 965 ex
1251 919 1431 986 Digest.
1508 921 1569 967 II.

290 985 390 1033 Tit.
429 987 516 1037 IV.
561 984 617 1031 de
660 983 972 1033 Condiffione
1011 985 1145 1033 causa
1181 983 1283 1032 data
1308 1023 1322 1046 ‚
1365 985 1485 1054 Leg.
1523 1003 1567 1050 3.

296 1068 425 1099 num.
460 1069 502 1113 5.

361 1181 486 1231 CAP.
510 1170 745 1234 XXVIII.
783 1182 946 1232 Omitti
978 1182 1167 1250 juffiffet.
1207 1182 1299 1230 Pro
1330 1182 1566 1232 tribunicia

289 1246 367 1296 sufl
407 1251 672 1299 auctoritate
698 1289 711 1311 ,
758 1249 936 1311 jufferat
975 1250 1212 1298 histriones
1238 1288 1251 1308 ‚
1294 1250 1344 1296 in
1382 1251 1564 1300 vincula

292 1313 450 1363 dustos
472 1354 485 1376 ,
522 1319 702 1376 omitti,
737 1323 781 1364 &
810 1319 858 1365 in
889 1318 1142 1364 libertatem
1172 1316 1369 1378 restitui.-

359 1379 538 1431 Vocare
566 1399 622 1430 ex
652 1381 810 1429 Italici.
861 1380 978 1430 Non
1018 1385 1145 1430 licuit
1192 1381 1379 1429 tribunis
1417 1381 1566 1445 plebis

289 1462 574 1514 quemquam
589 1465 770 1495 vocare.
788 1447 909 1496 Vide
927 1446 1134 1495 Gellium
1149 1446 1294 1506 XIII,
1320 1465 1337 1493 1
1350 1466 1393 1492 2.
1410 1445 1564 1495 Multo

287 1511 439 1560 mimis
466 1514 591 1559 licuit
613 1530 667 1559 ex
691 1514 818 1560 Italia
839 1515 886 1558 in
913 1512 1094 1559 Urbem
1124 1528 1287 1559 vocare
1312 1528 1389 1559 eos
1408 1549 1421 1571 ‚
1457 1529 1563 1560 cum

323 1579 450 1626 uibus
473 1578 576 1643 lege
601 1580 677 1644 agi
701 1577 861 1643 posset.
899 1577 957 1624 Iis
980 1581 1103 1625 enim
1123 1577 1197 1624 lex
1217 1591 1311 1624 erat
1330 1615 1343 1637 ‚
1379 1583 1423 1623 &
1440 1593 1566 1642 prae-,

285 1595 425 1704 pecii,
463 1661 538 1691 aut
571 1645 756 1705 judices.

352 1709 429 1759 Ne
460 1709 563 1774 quid
600 1710 724 1758 intra
759 1708 949 1758 domum.
1005 1708 1115 1763 Jussl
1148 1707 1278 1768 sunt,
1311 1725 1410 1755 non
1444 1709 1564 1759 intra

287 1776 477 1824 domum
503 1814 515 1836 ,
548 1773 622 1824 sed
644 1773 827 1842 publice
853 1782 895 1823 &
916 1793 1003 1843 pro
1028 1774 1241 1825 tribunali
1269 1773 1561 1826 animadver-

286 1855 393 1892 tere.

348 1974 474 2022 CAP.
497 1974 690 2023 XXIX.
727 1973 845 2037 Ejus
866 1972 932 2021 rei
939 1972 1135 2036 flemma.
1174 1974 1251 2021 De
1281 1977 1437 2022 aerario
1462 1993 1559 2041 po«

281 2042 378 2103 puli
409 2040 609 2088 Romani
639 2039 736 2087 fuse
765 2037 941 2086 disserui
959 2076 972 2098 ,
1009 2034 1193 2103 ejusque
1218 2056 1329 2103 opes
1359 2057 1452 2088 tum
1479 2040 1558 2089 sub

283 2105 537 2170 Republica
562 2144 574 2165 ‚
629 2121 723 2153 tum
775 2103 851 2151 sub
898 2103 1185 2167 Principibus
1215 2144 1228 2164 ‚
1275 2104 1464 2170 exposui
1504 2110 1558 2156 in

281 2173 438 2237 priore
459 2171 659 2220 editione
675 2169 875 2219 Tom.II
893 2208 906 2230 ‚
925 2187 1035 2236 pag.
1055 2185 1145 2227 419
1171 2176 1214 2217 &
1238 2169 1366 2238 seqq.
1387 2170 1468 2220 Ob
1490 2174 1560 2223 rei
1620 2217 1623 2220 ,

287 2252 440 2287 tamen
465 2241 731 2305 gravitatem
752 2275 764 2297 ,
790 2253 940 2303 pauca
967 2234 1189 2284 resumam
1210 2243 1255 2284 ὃς
1276 2238 1528 2287 illustrabo.

499 2362 595 2428 De
634 2365 808 2417 aerczrz'o
835 2359 1025 2435 populi
1061 2359 1318 2415 Romani.

344 2497 387 2548 R
403 2513 428 2545 E
445 2513 466 2546 s
482 2513 507 2545 P
525 2512 558 2543 U
573 2513 600 2544 Β
617 2514 642 2543 L
659 2513 678 2544 1
695 2514 721 2545 c
737 2513 766 2544 A
795 2496 1014 2542 maximas
1033 2511 1144 2559 opes
1163 2495 1557 2561 accumulaverat;
1606 2543 1609 2546 .

277 2565 567 2627 Principatus
602 2580 675 2609 eas
714 2559 926 2609 exhausit.
967 2560 1061 2613 Sub
1095 2561 1346 2627 Republica
1372 2600 1384 2621 ‚
1424 2581 1560 2612 anno·

277 2629 421 2684 Urbis
443 2628 636 2679 conditae
651 2643 859 2678 DchnI
872 2664 886 2690 ,
918 2626 1023 2678 teste
1046 2625 1197 2676 Plinio
1216 2625 1437 2680 XXXHI
1450 2666 1464 2690 ,
1491 2647 1557 2694 3,
1598 2633 1637 2695 ,li
