1659 2917
38 281 91 320 Δ.
112 283 157 319 U.
182 281 216 320 C

86 354 194 399 812.

72 433 113 472 J.
146 434 195 474 C.

107 514 181 559 59·

255 110 369 176 176
439 102 510 161 C.
552 103 994 162 CORNELM
1042 104 1350 163 TACITr

249 202 508 259 omnium
555 203 769 283 questus
814 202 1060 262 anteibat
1085 251 1101 276 ‚
1147 202 1243 262 sed
1289 199 1518 262 adverso

251 304 474 343 rumore
501 287 708 344 Seneca
733 306 847 344 erat
869 334 884 357 ,
915 315 947 336 α
967 286 1120 365 quod
1143 287 1394 345 oratione
1421 285 1518 345 tali

251 395 285 419 20
297 365 693 427 confeffionem
723 366 958 450 scripfiff
949 389 1003 426 et
1019 398 1051 420 ³2
1063 414 1078 427 .

340 451 474 509 XII.
491 452 561 509 M
569 473 675 510 mo
700 469 888 509 tamen
906 451 1209 509 certamine
1224 472 1522 531 procerum

252 532 626 592 decernuntur
657 562 688 584 oc
712 532 1133 615 supplicationes
1158 533 1303 613 apud
1329 533 1523 590 omnia

249 615 602 698 sapulvinaria
622 663 638 688 ‚
672 638 841 696 utque
872 618 1289 698 Quinquatrus,
1321 615 1521 696 quibus

249 721 491 781 mapertae
521 698 692 758 essent
717 698 921 757 infidiae
942 748 958 772 ‚
999 700 1141 758 ludis
1165 700 1360 758 annuis
1383 697 1528 758 cele-

248 782 612 841 aebrarentur:
636 805 862 841 aureum
879 785 1152 842 Minervae
1170 782 1526 840 simulacrum

248 866 353 923 min
375 866 551 937 curia,
578 873 633 925 δε
650 866 800 945 juxta
827 866 1092 948 Principis
1120 867 1310 947 imago
1332 866 1528 923 statue«

249 969 480 1006 notetur:
523 948 640 1006 dies
683 948 878 1006 natalis
912 948 1232 1031 Agrippinae
1260 950 1406 1006 inter
1431 970 1530 1006 ne·-

250 1029 456 1088 aofastos
490 1028 695 1089 effeta».
737 1030 983 1090 Thrasea
1013 1035 1184 1089 Paetus
1208 1079 1224 1102 ‚
1269 1030 1486 1090 filentio
1508 1077 1528 1103 ,

254 1113 344 1173 vel
364 1113 517 1172 brevi
538 1109 765 1172 adsensu
778 1114 986 1195 priores
1002 1113 1346 1172 adulationes
1368 1111 1532 1171 tranfi-

256 1197 483 1255 mittere
506 1194 695 1254 solitus
720 1244 736 1268 ,
773 1198 904 1256 exiit
929 1218 1051 1256 tum
1076 1195 1267 1256 senatu
1286 1244 1303 1268 ,
1342 1220 1401 1255 ac
1429 1195 1532 1254 fibi

257 1278 475 1339 causam
522 1279 754 1361 periculi
802 1277 938 1339 fecit
959 1328 976 1353 ,
1020 1281 1215 1339 ceteris
1262 1279 1532 1339 libertatis

252 1364 483 1421 initium
528 1386 643 1420 non
688 1362 936 1443 praebuit.
997 1364 1259 1446 Prodigia
1305 1385 1532 1444 quoque

257 1446 449 1510 crebra
493 1453 550 1504 δε
596 1446 763 1503 inrita
809 1444 1176 1506 intercessere.
1262 1444 1532 1528 Anguem

258 1530 419 1589 enixa
443 1527 646 1586 mulier
671 1551 688 1605 3
727 1537 783 1588 δε
806 1528 912 1588 alia
934 1529 994 1585 in
1021 1527 1323 1587 concubitu
1346 1528 1534 1587 mariti

257 1610 500 1671 fulmine
531 1611 843 1670 exanimata
875 1637 887 1669 ε
927 1619 1042 1693 jam
1069 1611 1149 1669 sol
1173 1613 1401 1692 repente
1427 1612 1532 1670 ob-

259 1694 501 1754 scuratus
525 1742 541 1767 ‚
583 1703 638 1754 &
669 1699 820 1753 πλᾶξε
846 1695 916 1754 de
946 1693 1078 1752 caelo
1109 1694 1536 1775 quatuordecim

231 1848 235 1849 ⁷
260 1778 435 1837 Urbis
455 1777 740 1859 regiones:
766 1801 885 1858 quae
909 1778 1053 1836 adeo
1074 1775 1187 1836 sine
1213 1775 1340 1836 cura
1362 1775 1535 1836 desim

263 1860 599 1921 eveniebant
621 1907 638 1931 ‚
677 1881 738 1919 ut
778 1859 984 1918 multos
1019 1861 1137 1941 post
1171 1883 1344 1918 annos
1380 1862 1537 1920 Nero

261 1944 568 2025 imperium
614 1951 670 2001 δε
709 1941 913 2002 scelera
957 1939 1380 2002 continuaverit.
1426 1945 1540 2003 Ce-

264 2026 450 2086 terum
474 2072 494 2097 ,
544 2026 658 2104 quo
697 2044 945 2107 gravaret
986 2024 1259 2085 invidiam
1303 2026 1492 2084 matris
1518 2073 1538 2099 ,

266 2108 441 2188 eaque
473 2106 703 2165 demota
729 2155 745 2180 ‚
800 2112 1017 2166 auctam
1052 2107 1345 2167 lenitatem
1384 2107 1539 2167 suam

266 2191 686 2261 testificaretur,
728 2187 966 2250 feminas
1014 2191 1261 2252 inlustres
1307 2192 1539 2254 Juniam

265 2283 327 2336 δέ
347 2273 714 2354 Calpurniam
740 2322 758 2346 ‚
787 2272 1105 2356 praefectura
1132 2273 1350 2333 functos
1370 2274 1541 2335 Vale*
1614 2294 1620 2296 “

270 2358 417 2417 rium
446 2357 788 2437 Capitonem
816 2366 871 2417 &
903 2358 1186 2416 Licinium
1206 2355 1496 2416 'Gabolum
1519 2403 1538 2430 ‚

270 2439 490 2499 sedibus
538 2439 723 2519 patriis
770 2440 1019 2500 reddidit
1049 2489 1067 2512 ‚
1117 2439 1186 2498 ab
1228 2439 1540 2522 Agrippina

269 2523 412 2587 olim
429 2520 625 2607 pulsos·
641 2522 824 2583 Etiam
836 2522 1027 2585 Lolliae
1043 2521 1301 2584 Paullinae
1325 2523 1542 2602 cineres
