1725 2983
369 181 847 222 ANNAL1UM
908 161 1223 223 L113.XI.
1364 182 1436 239 29

166 261 315 322 ribus
334 310 350 334 ,
376 263 522 322 inter
542 284 695 345 pates
717 258 958 320 difficilis
976 308 991 331 ,
1021 261 1302 321 consulate
1331 262 1438 321 im·
1468 292 1658 328 Ξ

168 346 384 428 perium
404 394 420 418 ‚
458 346 729 427 triumphi
756 343 991 425 insignia
1014 391 1030 415 ‚
1074 368 1133 402 ac
1161 347 1436 426 posttebmb
1466 347 1514 387 A.
1534 349 1582 386 U·
1603 347 1656 387 G.

167 427 420 488 Africam
448 429 730 487 obtinuit:
769 448 935 507 atque
977 426 1060 484 ibi
1104 425 1432 502 defimstm,
1506 420 1615 506 800:

167 510 333 572 fatale
363 511 684 595 praesagium
715 510 991 593 implevit.
1501 496 1539 534 ³⁹
1560 499 1627 581 ξ’·

247 597 439 654 XXII.
469 598 737 654 INTEREA
765 597 961 654 Romae
982 642 998 665 ‚
1026 591 1191 652 nullis
1213 593 1396 675 palam
1419 643 1437 667 ‚
1524 571 1606 630 4¹⁸

164 698 348 758 neque
381 679 618 761 cognitis
645 702 777 736 mox
814 676 978 736 causis
1000 724 1015 748 ,
1047 679 1158 736 Cn.
1186 679 1397 736 Novius
1419 728 1438 751 ,

164 758 389 844 insignis
418 785 586 843 eques
610 765 898 822 Romanus
921 809 938 833 ,
986 757 1133 818 ferto
1164 761 1439 820 accinetus

162 846 431 927 repetitur
452 847 510 903 in
536 867 683 904 coetu
706 844 1062 914 salutantium
1083 844 1401 926 Principem
1424 869 1438 903 ε

127 949 296 985 anam
343 930 635 1011 postquam
678 928 974 987 tormentis
1024 926 1394 986 dilaniabatur
1419 972 1440 1000 ,

162 1008 234 1069 de
269 1009 322 1069 se
358 1013 571 1071 Novius
599 1037 611 1070 z
657 1010 902 1071 conscios
935 1034 1050 1068 non
1085 1010 1266 1070 edidit
1288 1059 1305 1083 ‚
1351 1012 1440 1069 in-

161 1115 380 1152 certum
415 1118 484 1153 an
518 1095 818 1154 occultans,
875 1093 1083 1153 Iisdem
1124 1092 1441 1153 consulibus

158 1179 219 1235 P.
244 1177 546 1237 Dolabella
586 1178 795 1237 censuit
845 1176 1274 1260 «specstaculum
1325 1177 1439 1259 gla-

157 1259 488 1320 mdiatorum
536 1284 635 1344 pet
679 1285 877 1321 omnes
924 1284 1096 1319 annos
1149 1260 1439 1320 celebran-

157 1342 341 1402 »dum
371 1392 388 1415 ,
436 1342 670 1426 pecunia
700 1368 897 1405 eorum
921 1393 937 1417 ,
980 1344 1078 1425 qui
1114 1345 1442 1427 quaesturam

154 1425 711 1510 wadipiscetenturn.
751 1428 925 1512 Apud
949 1435 1187 1508 majores
1216 1427 1439 1488 virtutis

152 1509 217 1568 id
242 1511 537 1592 praemium
566 1510 749 1572 fuerat
774 1561 790 1585 ‚
827 1509 1146 1592 cunstisque
1184 1511 1392 1571 civium
1416 1560 1438 1586 ‚

152 1591 194 1651 fi
230 1593 392 1653 bonis
428 1594 636 1655 artibus
672 1596 914 1656 fiderent
935 1644 952 1669 ,
997 1594 1215 1654 licitum
1243 1617 1436 1678 petere

152 1678 538 1758 magistratus:
584 1703 645 1737 ac
686 1702 757 1740 ne
799 1701 923 1738 aetas
961 1679 1198 1759 quidem.
1240 1679 1435 1738 distin-

152 1759 425 1840 guebatur
438 1807 455 1831 ‚
486 1760 622 1840 quin
642 1761 821 1842 prima
839 1761 1065 1840 juventa
1083 1760 1433 1823 consulatum

151 1863 213 1899 ac
245 1840 541 1899 dietaturas
564 1842 789 1902 inirent.
838 1843 947 1901 Sed
982 1846 1269 1923 quaestotes
1292 1893 1308 1917 ‚
1349 1869 1433 1906 re-

149 1922 310 2004 gibus
350 1925 521 1984 etiam
554 1945 677 1983 tum
706 1925 1112 2007 imperantibus
1136 1974 1152 1998 ‚
1195 1929 1432 1989 instituti

146 2005 313 2066 sunt:
353 2007 508 2089 quod
549 2007 636 2067 lex
677 2011 886 2068 curiata
925 2009 1166 2069 ostendit
1192 2059 1210 2082 ,
1258 2011 1327 2070 ab
1361 2016 1428 2074 L.

149 2091 324 2149 Bruto
381 2092 632 2173 repetita.
728 2092 1052 2174 Manfitque
1115 2092 1431 2156 consulibus

148 2175 382 2254 potestas
427 2174 757 2258 deligendi,
807 2176 988 2235 donec
1027 2199 1157 2236 eum
1200 2201 1430 2260 quoque

148 2256 427 2333 honotem
476 2257 710 2341 populus
752 2260 1091 2319 mandaret:
1143 2264 1429 2343 creatique

146 2339 396 2420 primum
415 2341 674 2400 Valerius
698 2343 912 2401 Potitus
937 2392 952 2414 ‚
993 2343 1252 2404 AEmilius
1293 2348 1427 2407 Ma-

134 2431 361 2483 'mercus
382 2471 398 2495 ‚
421 2448 561 2482 Lxm
588 2449 734 2483 anno
769 2428 887 2508 post
906 2427 1246 2507 Tarquinios
1271 2452 1426 2487 exac-

148 2522 231 2561 tos
268 2552 284 2575 ,
341 2527 402 2564 ut
461 2529 583 2566 tem
639 2508 948 2569 militarem
1003 2511 1420 2570 comitarentur.

142 2586 301 2649 Dein
333 2587 688 2671 gliscentibus
719 2594 960 2676 negotiis
983 2641 1000 2667 ‚
1047 2592 1161 2651 duo
1199 2594 1421 2665 additi,

1078 2678 1122 2736 B
1169 2683 1227 2758 iij
