1725 2983
266 165 333 239 58
450 158 522 218 C.
561 155 1008 248 Connnrrr
1053 161 1365 223 TACITI

51 284 240 321 Ε
270 259 710 343 “promptasque
763 283 895 322 res»
944 264 1251 324 ostentante
1300 263 1393 322 oefi
1438 262 1545 325 citi

49 338 101 378 A.
125 338 171 375 U.
194 336 243 375 C.

93 414 200 455 802.

87 489 129 528 J.
159 487 206 526 C.

106 563 190 616 59·

264 343 728 417 »adveniss'ent20,
771 369 887 404 non
925 347 1179 405 cominus
1214 348 1536 430 Mesopota-

267 430 443 488 miam
469 477 486 502 ,
529 428 623 489 sed
651 430 798 488 flexu
831 430 1164 490 Armeniam
1194 452 1390 511 petunt
1410 479 1428 503 ,
1471 432 1535 491 id

267 514 531 594 temporis
558 514 939 595 importunam
964 560 982 584 ‚
1025 513 1157 594 quia
1181 514 1362 573 hiems
1383 517 1537 574 occi-

264 596 470 681 piebat.

341 681 496 739 XIII.
541 682 691 739 Ex1N
727 679 945 738 nivibus
970 687 1027 739 δε
1053 678 1340 738 montibus
1366 677 1483 739 feffi
1510 699 1535 751 ,·

254 765 547 845 postquam
575 786 799 844 campos
829 762 1274 843 propinquabant
1302 810 1320 834 ,
1359 763 1533 844 copiis

254 848 555 906 Carrhenis
609 846 1004 927 adjunguntur.
1073 843 1532 927 Transmissoque

253 952 422 990 amne
447 929 611 1010 Tigri
634 977 650 1001 ‚
680 950 970 1010 permeant
989 928 1316 989 Adiabenos
1336 976 1354 1000 ,
1386 953 1532 1011 quo-

252 1035 379 1072 rum
410 1037 502 1073 rex
524 1017 698 1072 Izates
721 1012 1046 1072 societatem
1063 1012 1413 1072 Meherdatis
1437 1035 1535 1094 pa-

250 1095 366 1155 lam
390 1097 649 1155 induerat
674 1121 685 1152 :
723 1098 782 1153 in
807 1099 1092 1155 Gotarzen
1116 1117 1212 1177 per
1230 1095 1449 1155 occulta
1470 1105 1530 1157 &

199 1183 202 1188 ’
248 1181 427 1260 magis
449 1180 560 1238 fida
581 1179 902 1238 inclinabat.
919 1178 1030 1238 Sed
1043 1199 1199 1259 capta
1220 1180 1280 1237 in
1301 1178 1534 1239 transitu

247 1263 378 1322 urb's
400 1264 576 1323 Ninos
593 1311 610 1335 ‚
640 1262 994 1322 vetustiffima
1021 1261 1176 1322 sedes
1200 1260 1444 1340 Assyriae,
1469 1271 1529 1322 δε

248 1345 463 1406 Arbela
488 1394 505 1418 ,
551 1346 836 1406 castellum
873 1344 1087 1428 infigne
1133 1343 1283 1404 fama
1307 1393 1323 1417 ‚
1370 1344 1527 1426 quod

245 1431 525 1509 postremo
540 1430 687 1488 inter
699 1430 943 1489 Darium
960 1450 1126 1510 atque
1139 1428 1528 1487 Alexandrum

245 1513 445 1591 proelio
484 1511 770 1572 Persarum
810 1511 925 1570 illic
968 1534 1100 1593 opes
1146 1512 1526 1571 conciderant.

243 1597 465 1655 Interea
493 1599 763 1655 Gotarzes
791 1595 939 1676 apud
962 1616 1220 1655 montem
1244 1642 1263 1667 ,
1302 1596 1391 1654 cui
1420 1619 1527 1654 no·-

245 1700 382 1737 men
406 1683 451 1738 S
454 1682 694 1736 amba-los
714 1726 732 1750 ,
755 1699 886 1736 vota
902 1679 1008 1737 diis
1032 1678 1143 1736 loci
1159 1676 1487 1759 suscipiebat
1504 1725 1525 1752 ‚

242 1762 514 1843 praecipua
538 1761 809 1843 religione
828 1761 1082 1821 Herculi:
1111 1761 1241 1842 qui,
1271 1781 1525 1843 tempore

243 1845 382 1902 stato
411 1892 428 1916 ‚
480 1866 578 1925 per
625 1845 878 1924 quietem
925 1864 1121 1902 monet
1172 1842 1482 1904 sacerdotes
1503 1891 1526 1918 ,

239 1947 289 1984 ζα
305 1945 366 1985 ut
381 1974 398 1998 ,
418 1924 698 2006 templum
717 1934 866 2007 Juxta
887 1971 903 1996 ,
925 1948 1098 2006 equos
1116 1928 1342 1985 venatui
1362 1927 1529 1986 ador-

243 2029 449 2067 :nnatos
477 2007 726 2069 sistant».
757 2008 897 2090 Equi
920 2055 936 2080 ,
975 2008 1070 2067 ubi
1093 2008 1372 2090 pharetras
1395 2010 1523 2070 telis

242 2094 459 2151 onustas
484 2113 744 2174 accepere
771 2139 787 2164 ‚
833 2113 931 2173 per
950 2089 1114 2150 saltus
1144 2093 1270 2174 vagi
1297 2139 1314 2164 ‚
1353 2099 1519 2154 nocte

244 2175 482 2235 demum
505 2177 691 2235 vacuis
717 2176 982 2258 pharetris
1005 2222 1023 2247 ,
1056 2174 1237 2234 multo
1259 2199 1395 2235 cumr
1418 2201 1521 2236 an-

242 2258 424 2318 helitu
462 2259 717 2319 redeunt.
761 2258 968 2319 Rursus
1009 2259 1143 2318 deus
1167 2306 1187 2331 ‚
1226 2259 1335 2341 qua
1364 2258 1522 2319 silvas

239 2343 607 2421 peren-averit
629 2391 646 2416 ‚
690 2347 964 2402 nocturno
993 2340 1110 2400 visu
1137 2342 1476 2404 demonstrat
1503 2368 1535 2404 :¹

243 2426 704 2507 reperiunturque
734 2424 860 2485 fusae
890 2424 1080 2508 paffim
1105 2422 1250 2485 ferae.

326 2510 488 2569 XIV.
542 2511 841 2570 CETERUM
889 2512 1156 2569 Gotarzes
1184 2557 1202 2581 ,
1255 2507 1516 2568 nondum

241 2587 366 2652 satis
394 2596 556 2654 audio
580 2593 824 2654 exercitu
849 2640 869 2667 ‚
908 2592 1145 2655 flumine
1170 2593 1387 2653 Corma
1410 2614 1518 2674 pro
