<?xml version="1.0" encoding="UTF-8"?>
<!DOCTYPE html PUBLIC "-//W3C//DTD XHTML 1.0 Transitional//EN"
    "http://www.w3.org/TR/xhtml1/DTD/xhtml1-transitional.dtd">
<html xmlns="http://www.w3.org/1999/xhtml" xml:lang="en" lang="en">
 <head>
  <title>
</title>
<meta http-equiv="Content-Type" content="text/html;charset=utf-8" />
  <meta name='ocr-system' content='tesseract 3.04.00' />
  <meta name='ocr-capabilities' content='ocr_page ocr_carea ocr_par ocr_line ocrx_word'/>
</head>
<body>
  <div class='ocr_page' id='page_1' title='image "./ccorneliitacitio03taci_0345.png"; bbox 0 0 1637 2917; ppageno 0'>
   <div class='ocr_carea' id='block_1_1' title="bbox 216 134 1321 215">
    <p class='ocr_par' dir='ltr' id='par_1_1' title="bbox 216 134 1321 215">
     <span class='ocr_line' id='line_1_1' title="bbox 216 134 1321 215; baseline -0.001 -19"><span class='ocrx_word' id='word_1_1' title='bbox 216 137 384 196; x_wconf 64' lang='grc' dir='ltr'><strong>[τις.</strong></span> <span class='ocrx_word' id='word_1_2' title='bbox 424 134 585 194; x_wconf 91' lang='lat' dir='ltr'><strong>XVI.</strong></span> <span class='ocrx_word' id='word_1_3' title='bbox 625 152 1118 196; x_wconf 75' lang='lat' dir='ltr'>ANNALIUM.</span> <span class='ocrx_word' id='word_1_4' title='bbox 1212 152 1321 215; x_wconf 74' lang='lat'>335</span> 
     </span>
    </p>
   </div>
   <div class='ocr_carea' id='block_1_2' title="bbox 54 229 1546 305">
    <p class='ocr_par' dir='ltr' id='par_1_2' title="bbox 54 229 1546 305">
     <span class='ocr_line' id='line_1_2' title="bbox 54 229 1546 305; baseline -0.005 -5"><span class='ocrx_word' id='word_1_5' title='bbox 54 239 237 300; x_wconf 83' lang='lat' dir='ltr'>adhuc</span> <span class='ocrx_word' id='word_1_6' title='bbox 286 232 537 305; x_wconf 66' lang='lat' dir='ltr'>latebra,</span> <span class='ocrx_word' id='word_1_7' title='bbox 585 233 645 290; x_wconf 87' lang='lat' dir='ltr'>ni</span> <span class='ocrx_word' id='word_1_8' title='bbox 690 253 820 289; x_wconf 84' lang='lat' dir='ltr'>mox</span> <span class='ocrx_word' id='word_1_9' title='bbox 849 278 865 303; x_wconf 89' lang='lat'>‚</span> <span class='ocrx_word' id='word_1_10' title='bbox 909 229 1035 292; x_wconf 85' lang='lat' dir='ltr'>fatis</span> <span class='ocrx_word' id='word_1_11' title='bbox 1082 259 1213 295; x_wconf 90' lang='lat' dir='ltr'>eum</span> <span class='ocrx_word' id='word_1_12' title='bbox 1254 235 1326 295; x_wconf 91' lang='lat' dir='ltr'>ad</span> <span class='ocrx_word' id='word_1_13' title='bbox 1353 251 1546 292; x_wconf 67' lang='grc' dir='ltr'>Ξε-Ξι</span> 
     </span>
    </p>
   </div>
   <div class='ocr_carea' id='block_1_3' title="bbox 0 315 1418 2665">
    <p class='ocr_par' dir='ltr' id='par_1_3' title="bbox 53 315 1418 891">
     <span class='ocr_line' id='line_1_3' title="bbox 54 315 1328 399; baseline -0.014 -18"><span class='ocrx_word' id='word_1_14' title='bbox 54 322 274 399; x_wconf 82' lang='lat' dir='ltr'>summa</span> <span class='ocrx_word' id='word_1_15' title='bbox 297 317 624 378; x_wconf 78' lang='lat' dir='ltr'>vocantibus</span> <span class='ocrx_word' id='word_1_16' title='bbox 648 363 664 387; x_wconf 87' lang='lat'>‚</span> <span class='ocrx_word' id='word_1_17' title='bbox 707 315 870 374; x_wconf 89' lang='lat' dir='ltr'>rebus</span> <span class='ocrx_word' id='word_1_18' title='bbox 907 316 964 373; x_wconf 87' lang='lat' dir='ltr'>in</span> <span class='ocrx_word' id='word_1_19' title='bbox 1002 318 1192 380; x_wconf 63' lang='lat' dir='ltr'>Judaea</span> <span class='ocrx_word' id='word_1_20' title='bbox 1233 320 1328 379; x_wconf 87' lang='lat' dir='ltr'>ad-</span> 
     </span>
     <span class='ocr_line' id='line_1_4' title="bbox 54 398 1328 486; baseline -0.001 -22"><span class='ocrx_word' id='word_1_21' title='bbox 54 405 214 464; x_wconf 60' lang='lat' dir='ltr'>flietis</span> <span class='ocrx_word' id='word_1_22' title='bbox 269 400 578 486; x_wconf 85' lang='lat' dir='ltr'>fugatoque</span> <span class='ocrx_word' id='word_1_23' title='bbox 631 399 807 459; x_wconf 88' lang='lat' dir='ltr'>Cestii</span> <span class='ocrx_word' id='word_1_24' title='bbox 858 398 1012 457; x_wconf 81' lang='lat' dir='ltr'>Galli</span> <span class='ocrx_word' id='word_1_25' title='bbox 1064 405 1328 463; x_wconf 85' lang='lat' dir='ltr'>exercitui</span> 
     </span>
     <span class='ocr_line' id='line_1_5' title="bbox 53 479 1329 571; baseline -0.001 -23"><span class='ocrx_word' id='word_1_26' title='bbox 53 486 327 571; x_wconf 76' lang='lat' dir='ltr'>suppetias</span> <span class='ocrx_word' id='word_1_27' title='bbox 373 482 517 545; x_wconf 86' lang='lat' dir='ltr'>ferre</span> <span class='ocrx_word' id='word_1_28' title='bbox 561 481 725 566; x_wconf 77' lang='lat' dir='ltr'>jussus</span> <span class='ocrx_word' id='word_1_29' title='bbox 775 479 925 543; x_wconf 74' lang='lat' dir='ltr'>esset.</span> <span class='ocrx_word' id='word_1_30' title='bbox 1004 486 1159 543; x_wconf 65' lang='lat' dir='ltr'>Mira</span> <span class='ocrx_word' id='word_1_31' title='bbox 1204 485 1329 548; x_wconf 75' lang='lat' dir='ltr'>sane</span> 
     </span>
     <span class='ocr_line' id='line_1_6' title="bbox 54 568 1331 649; baseline -0.001 -19"><span class='ocrx_word' id='word_1_32' title='bbox 54 569 290 631; x_wconf 69' lang='lat' dir='ltr'>fortunat</span> <span class='ocrx_word' id='word_1_33' title='bbox 334 568 569 641; x_wconf 63' lang='lat' dir='ltr'>natura,</span> <span class='ocrx_word' id='word_1_34' title='bbox 613 591 731 649; x_wconf 83' lang='lat' dir='ltr'>quae</span> <span class='ocrx_word' id='word_1_35' title='bbox 755 616 771 641; x_wconf 85' lang='lat'>,</span> <span class='ocrx_word' id='word_1_36' title='bbox 815 589 912 649; x_wconf 87' lang='lat' dir='ltr'>per</span> <span class='ocrx_word' id='word_1_37' title='bbox 953 588 1037 626; x_wconf 87' lang='lat' dir='ltr'>res</span> <span class='ocrx_word' id='word_1_38' title='bbox 1080 569 1331 630; x_wconf 84' lang='lat' dir='ltr'>adversas</span> 
     </span>
     <span class='ocr_line' id='line_1_7' title="bbox 54 649 1332 736; baseline -0.001 -21"><span class='ocrx_word' id='word_1_39' title='bbox 54 657 441 735; x_wconf 80' lang='lat' dir='ltr'>Romanaeque</span> <span class='ocrx_word' id='word_1_40' title='bbox 465 653 756 734; x_wconf 86' lang='lat' dir='ltr'>majestatis</span> <span class='ocrx_word' id='word_1_41' title='bbox 781 649 1023 709; x_wconf 78' lang='lat' dir='ltr'>ludibria</span> <span class='ocrx_word' id='word_1_42' title='bbox 1044 699 1060 723; x_wconf 90' lang='lat'>‚</span> <span class='ocrx_word' id='word_1_43' title='bbox 1089 652 1332 736; x_wconf 85' lang='lat' dir='ltr'>imperio</span> 
     </span>
     <span class='ocr_line' id='line_1_8' title="bbox 57 733 1418 820; baseline 0.001 -23"><span class='ocrx_word' id='word_1_44' title='bbox 57 739 300 797; x_wconf 89' lang='lat' dir='ltr'>ultorem</span> <span class='ocrx_word' id='word_1_45' title='bbox 321 785 337 809; x_wconf 84' lang='lat'>‚</span> <span class='ocrx_word' id='word_1_46' title='bbox 359 737 790 818; x_wconf 90' lang='lat' dir='ltr'>Principemque</span> <span class='ocrx_word' id='word_1_47' title='bbox 806 784 822 808; x_wconf 82' lang='grc'>,</span> <span class='ocrx_word' id='word_1_48' title='bbox 843 733 1023 815; x_wconf 87' lang='lat' dir='ltr'>priscae</span> <span class='ocrx_word' id='word_1_49' title='bbox 1045 736 1335 820; x_wconf 78' lang='lat' dir='ltr'>dignitatis</span> <span class='ocrx_word' id='word_1_50' title='bbox 1362 778 1378 783; x_wconf 38' lang='lat' dir='ltr'>-f</span> <span class='ocrx_word' id='word_1_51' title='bbox 1413 782 1418 783; x_wconf 26' lang='grc' dir='ltr'><em>ν</em></span> 
     </span>
     <span class='ocr_line' id='line_1_9' title="bbox 56 819 1159 891; baseline -0.003 -8"><span class='ocrx_word' id='word_1_52' title='bbox 56 830 115 884; x_wconf 87' lang='lat'>&amp;</span> <span class='ocrx_word' id='word_1_53' title='bbox 137 820 441 881; x_wconf 88' lang='lat' dir='ltr'>severitatis</span> <span class='ocrx_word' id='word_1_54' title='bbox 466 819 756 879; x_wconf 87' lang='lat' dir='ltr'>vindicem</span> <span class='ocrx_word' id='word_1_55' title='bbox 780 866 797 891; x_wconf 85' lang='lat'>‚</span> <span class='ocrx_word' id='word_1_56' title='bbox 834 819 1159 880; x_wconf 87' lang='lat' dir='ltr'>destinabat.</span> 
     </span>
    </p>

    <p class='ocr_par' dir='ltr' id='par_1_4' title="bbox 0 903 1341 2665">
     <span class='ocr_line' id='line_1_10' title="bbox 147 903 1338 976; baseline 0 -12"><span class='ocrx_word' id='word_1_57' title='bbox 147 909 263 964; x_wconf 89' lang='lat' dir='ltr'><strong>LII.</strong></span> <span class='ocrx_word' id='word_1_58' title='bbox 305 908 568 964; x_wconf 77' lang='lat' dir='ltr'>INTERIM</span> <span class='ocrx_word' id='word_1_59' title='bbox 608 905 761 963; x_wconf 92' lang='lat' dir='ltr'>Nero</span> <span class='ocrx_word' id='word_1_60' title='bbox 788 950 805 976; x_wconf 82' lang='lat'>‚</span> <span class='ocrx_word' id='word_1_61' title='bbox 846 903 1201 967; x_wconf 80' lang='lat' dir='ltr'>oraculorum</span> <span class='ocrx_word' id='word_1_62' title='bbox 1240 929 1338 965; x_wconf 69' lang='lat' dir='ltr'>va-v</span> 
     </span>
     <span class='ocr_line' id='line_1_11' title="bbox 56 987 1337 1070; baseline -0.001 -21"><span class='ocrx_word' id='word_1_63' title='bbox 56 990 230 1050; x_wconf 89' lang='lat' dir='ltr'>nitate</span> <span class='ocrx_word' id='word_1_64' title='bbox 253 1037 268 1061; x_wconf 88' lang='lat'>‚</span> <span class='ocrx_word' id='word_1_65' title='bbox 294 989 504 1048; x_wconf 79' lang='lat' dir='ltr'>acriore</span> <span class='ocrx_word' id='word_1_66' title='bbox 534 988 857 1070; x_wconf 76' lang='lat' dir='ltr'>Principum</span> <span class='ocrx_word' id='word_1_67' title='bbox 882 987 1120 1049; x_wconf 83' lang='lat' dir='ltr'>libidine</span> <span class='ocrx_word' id='word_1_68' title='bbox 1144 1012 1337 1048; x_wconf 87' lang='lat' dir='ltr'>accen-</span> 
     </span>
     <span class='ocr_line' id='line_1_12' title="bbox 55 1069 1339 1156; baseline 0 -24"><span class='ocrx_word' id='word_1_69' title='bbox 55 1072 142 1132; x_wconf 85' lang='lat' dir='ltr'>sus</span> <span class='ocrx_word' id='word_1_70' title='bbox 164 1121 180 1146; x_wconf 84' lang='lat'>‚</span> <span class='ocrx_word' id='word_1_71' title='bbox 219 1072 486 1132; x_wconf 91' lang='lat' dir='ltr'>ludorum</span> <span class='ocrx_word' id='word_1_72' title='bbox 507 1069 751 1130; x_wconf 73' lang='lat' dir='ltr'>infamiae</span> <span class='ocrx_word' id='word_1_73' title='bbox 780 1070 1053 1130; x_wconf 89' lang='lat' dir='ltr'>scelerum</span> <span class='ocrx_word' id='word_1_74' title='bbox 1077 1094 1339 1156; x_wconf 87' lang='lat' dir='ltr'>portenta</span> 
     </span>
     <span class='ocr_line' id='line_1_13' title="bbox 56 1155 1341 1241; baseline 0 -25"><span class='ocrx_word' id='word_1_75' title='bbox 56 1156 306 1234; x_wconf 78' lang='lat' dir='ltr'>addere3</span> <span class='ocrx_word' id='word_1_76' title='bbox 348 1179 607 1236; x_wconf 86' lang='lat' dir='ltr'>novaque</span> <span class='ocrx_word' id='word_1_77' title='bbox 639 1155 953 1238; x_wconf 85' lang='lat' dir='ltr'>excogitare</span> <span class='ocrx_word' id='word_1_78' title='bbox 983 1203 1000 1228; x_wconf 87' lang='lat'>,</span> <span class='ocrx_word' id='word_1_79' title='bbox 1041 1180 1112 1216; x_wconf 93' lang='lat' dir='ltr'>ne</span> <span class='ocrx_word' id='word_1_80' title='bbox 1156 1155 1341 1241; x_wconf 88' lang='lat' dir='ltr'>ipsum</span> 
     </span>
     <span class='ocr_line' id='line_1_14' title="bbox 57 1238 1340 1324; baseline 0.001 -25"><span class='ocrx_word' id='word_1_81' title='bbox 57 1240 398 1324; x_wconf 83' lang='lat' dir='ltr'><strong>plebemque</strong></span> <span class='ocrx_word' id='word_1_82' title='bbox 419 1288 435 1313; x_wconf 81' lang='grc'>,</span> <span class='ocrx_word' id='word_1_83' title='bbox 459 1240 799 1322; x_wconf 83' lang='lat' dir='ltr'>flagitiorum</span> <span class='ocrx_word' id='word_1_84' title='bbox 824 1238 1190 1301; x_wconf 83' lang='lat' dir='ltr'><strong>adsuetudine</strong></span> <span class='ocrx_word' id='word_1_85' title='bbox 1217 1264 1340 1300; x_wconf 84' lang='lat' dir='ltr'>mo-</span> 
     </span>
     <span class='ocr_line' id='line_1_15' title="bbox 58 1321 1337 1408; baseline 0.001 -26"><span class='ocrx_word' id='word_1_86' title='bbox 58 1323 268 1395; x_wconf 86' lang='lat' dir='ltr'>rosam,</span> <span class='ocrx_word' id='word_1_87' title='bbox 292 1324 555 1382; x_wconf 88' lang='lat' dir='ltr'>varietate</span> <span class='ocrx_word' id='word_1_88' title='bbox 583 1322 891 1395; x_wconf 83' lang='lat' dir='ltr'>mobilem,</span> <span class='ocrx_word' id='word_1_89' title='bbox 916 1321 1073 1382; x_wconf 87' lang='lat' dir='ltr'>satias</span> <span class='ocrx_word' id='word_1_90' title='bbox 1098 1345 1337 1408; x_wconf 90' lang='lat' dir='ltr'>caperet.</span> 
     </span>
     <span class='ocr_line' id='line_1_16' title="bbox 56 1404 1339 1491; baseline -0.002 -23"><span class='ocrx_word' id='word_1_91' title='bbox 56 1408 271 1491; x_wconf 81' lang='lat' dir='ltr'>Igitur,</span> <span class='ocrx_word' id='word_1_92' title='bbox 308 1415 425 1489; x_wconf 84' lang='lat' dir='ltr'>jam</span> <span class='ocrx_word' id='word_1_93' title='bbox 463 1404 842 1466; x_wconf 90' lang='lat' dir='ltr'>obsolescente</span> <span class='ocrx_word' id='word_1_94' title='bbox 876 1408 1198 1490; x_wconf 58' lang='lat' dir='ltr'>Pythagorae</span> <span class='ocrx_word' id='word_1_95' title='bbox 1240 1432 1339 1468; x_wconf 84' lang='lat' dir='ltr'>co-</span> 
     </span>
     <span class='ocr_line' id='line_1_17' title="bbox 58 1489 1340 1573; baseline -0.001 -22"><span class='ocrx_word' id='word_1_96' title='bbox 58 1491 234 1552; x_wconf 89' lang='lat' dir='ltr'>nubio</span> <span class='ocrx_word' id='word_1_97' title='bbox 260 1539 277 1565; x_wconf 87' lang='lat'>‚</span> <span class='ocrx_word' id='word_1_98' title='bbox 315 1491 447 1550; x_wconf 81' lang='lat' dir='ltr'>alias</span> <span class='ocrx_word' id='word_1_99' title='bbox 470 1489 792 1573; x_wconf 80' lang='lat' dir='ltr'>superaddit</span> <span class='ocrx_word' id='word_1_100' title='bbox 821 1492 1078 1573; x_wconf 80' lang='lat' dir='ltr'>nuptias3</span> <span class='ocrx_word' id='word_1_101' title='bbox 1120 1501 1177 1552; x_wconf 64' lang='grc' dir='ltr'>ὃς</span> <span class='ocrx_word' id='word_1_102' title='bbox 1200 1494 1340 1573; x_wconf 82' lang='lat' dir='ltr'>Spo-</span> 
     </span>
     <span class='ocr_line' id='line_1_18' title="bbox 60 1573 1339 1657; baseline -0.001 -21.042"><span class='ocrx_word' id='word_1_103' title='bbox 60 1598 229 1648; x_wconf 88' lang='lat' dir='ltr'>rum-‚</span> <span class='ocrx_word' id='word_1_104' title='bbox 266 1599 299 1633; x_wconf 90' lang='lat' dir='ltr'>a</span> <span class='ocrx_word' id='word_1_105' title='bbox 327 1573 622 1657; x_wconf 85' lang='lat' dir='ltr'>Tigellino</span> <span class='ocrx_word' id='word_1_106' title='bbox 650 1597 778 1632; x_wconf 89' lang='lat' dir='ltr'>cum</span> <span class='ocrx_word' id='word_1_107' title='bbox 809 1574 944 1633; x_wconf 89' lang='lat' dir='ltr'>dote</span> <span class='ocrx_word' id='word_1_108' title='bbox 977 1583 1036 1634; x_wconf 88' lang='lat'>&amp;</span> <span class='ocrx_word' id='word_1_109' title='bbox 1070 1575 1339 1635; x_wconf 88' lang='lat' dir='ltr'>flammeo</span> 
     </span>
     <span class='ocr_line' id='line_1_19' title="bbox 59 1657 1340 1740; baseline -0.001 -20"><span class='ocrx_word' id='word_1_110' title='bbox 59 1659 402 1731; x_wconf 58' lang='lat' dir='ltr'>deductum,</span> <span class='ocrx_word' id='word_1_111' title='bbox 425 1680 658 1717; x_wconf 86' lang='lat' dir='ltr'>uxorem</span> <span class='ocrx_word' id='word_1_112' title='bbox 685 1657 885 1740; x_wconf 90' lang='lat' dir='ltr'>accipit</span> <span class='ocrx_word' id='word_1_113' title='bbox 903 1705 919 1729; x_wconf 87' lang='lat'>‚</span> <span class='ocrx_word' id='word_1_114' title='bbox 946 1657 1340 1738; x_wconf 85' lang='lat' dir='ltr'>plaudentibus</span> 
     </span>
     <span class='ocr_line' id='line_1_20' title="bbox 61 1739 1339 1823; baseline 0 -21"><span class='ocrx_word' id='word_1_115' title='bbox 61 1743 267 1802; x_wconf 84' lang='lat' dir='ltr'>Graecis</span> <span class='ocrx_word' id='word_1_116' title='bbox 308 1790 324 1815; x_wconf 84' lang='lat'>‚</span> <span class='ocrx_word' id='word_1_117' title='bbox 386 1739 701 1822; x_wconf 86' lang='lat' dir='ltr'>liberosque</span> <span class='ocrx_word' id='word_1_118' title='bbox 754 1742 1124 1823; x_wconf 80' lang='lat' dir='ltr'>precantibus,</span> <span class='ocrx_word' id='word_1_119' title='bbox 1185 1745 1339 1803; x_wconf 81' lang='lat' dir='ltr'>Data</span> 
     </span>
     <span class='ocr_line' id='line_1_21' title="bbox 6 1824 1339 1909; baseline -0.002 -23"><span class='ocrx_word' id='word_1_120' title='bbox 6 1902 12 1907; x_wconf 31' lang='grc' dir='ltr'>Ι</span> <span class='ocrx_word' id='word_1_121' title='bbox 60 1830 255 1909; x_wconf 85' lang='lat' dir='ltr'>Sporo‚</span> <span class='ocrx_word' id='word_1_122' title='bbox 271 1827 329 1884; x_wconf 92' lang='lat' dir='ltr'>in</span> <span class='ocrx_word' id='word_1_123' title='bbox 351 1824 583 1885; x_wconf 87' lang='lat' dir='ltr'>alteram</span> <span class='ocrx_word' id='word_1_124' title='bbox 605 1824 868 1883; x_wconf 88' lang='lat' dir='ltr'>Sabinam</span> <span class='ocrx_word' id='word_1_125' title='bbox 887 1847 1124 1899; x_wconf 75' lang='lat' dir='ltr'>mutam,</span> <span class='ocrx_word' id='word_1_126' title='bbox 1139 1826 1339 1885; x_wconf 88' lang='lat' dir='ltr'>Calvia</span> 
     </span>
     <span class='ocr_line' id='line_1_22' title="bbox 60 1907 1337 1992; baseline 0.001 -22.966"><span class='ocrx_word' id='word_1_127' title='bbox 60 1909 384 1992; x_wconf 88' lang='lat' dir='ltr'>Crispinilla</span> <span class='ocrx_word' id='word_1_128' title='bbox 400 1957 415 1981; x_wconf 85' lang='lat'>,</span> <span class='ocrx_word' id='word_1_129' title='bbox 439 1909 528 1968; x_wconf 91' lang='lat' dir='ltr'>cui</span> <span class='ocrx_word' id='word_1_130' title='bbox 549 1907 691 1966; x_wconf 87' lang='lat' dir='ltr'>nihil</span> <span class='ocrx_word' id='word_1_131' title='bbox 712 1929 905 1990; x_wconf 64' lang='lat' dir='ltr'>praeter</span> <span class='ocrx_word' id='word_1_132' title='bbox 925 1910 1132 1970; x_wconf 87' lang='lat' dir='ltr'>natales</span> <span class='ocrx_word' id='word_1_133' title='bbox 1156 1910 1337 1970; x_wconf 85' lang='lat' dir='ltr'>inerat</span> 
     </span>
     <span class='ocr_line' id='line_1_23' title="bbox 27 1991 1336 2074; baseline 0 -20"><span class='ocrx_word' id='word_1_134' title='bbox 27 1993 254 2054; x_wconf 75' lang='lat' dir='ltr'>‘nobile</span> <span class='ocrx_word' id='word_1_135' title='bbox 283 2040 299 2066; x_wconf 89' lang='lat'>,</span> <span class='ocrx_word' id='word_1_136' title='bbox 356 2016 476 2074; x_wconf 84' lang='lat' dir='ltr'>quae</span> <span class='ocrx_word' id='word_1_137' title='bbox 521 1991 861 2051; x_wconf 89' lang='lat' dir='ltr'>muliebrem</span> <span class='ocrx_word' id='word_1_138' title='bbox 912 2000 1025 2073; x_wconf 84' lang='lat' dir='ltr'>ejus</span> <span class='ocrx_word' id='word_1_139' title='bbox 1071 2015 1336 2054; x_wconf 86' lang='lat' dir='ltr'>ornatum</span> 
     </span>
     <span class='ocr_line' id='line_1_24' title="bbox 61 2075 1337 2160; baseline 0.002 -23.933"><span class='ocrx_word' id='word_1_140' title='bbox 61 2098 294 2137; x_wconf 89' lang='lat' dir='ltr'>curaret.</span> <span class='ocrx_word' id='word_1_141' title='bbox 341 2077 585 2160; x_wconf 88' lang='lat' dir='ltr'>Principi</span> <span class='ocrx_word' id='word_1_142' title='bbox 611 2124 627 2148; x_wconf 85' lang='lat'>‚</span> <span class='ocrx_word' id='word_1_143' title='bbox 663 2096 747 2135; x_wconf 91' lang='lat' dir='ltr'>tot</span> <span class='ocrx_word' id='word_1_144' title='bbox 791 2075 1096 2137; x_wconf 86' lang='lat' dir='ltr'>libidinum</span> <span class='ocrx_word' id='word_1_145' title='bbox 1137 2075 1337 2138; x_wconf 80' lang='lat' dir='ltr'>formis</span> 
     </span>
     <span class='ocr_line' id='line_1_25' title="bbox 64 2158 1338 2246; baseline 0 -25"><span class='ocrx_word' id='word_1_146' title='bbox 64 2162 366 2221; x_wconf 89' lang='lat' dir='ltr'>hominum</span> <span class='ocrx_word' id='word_1_147' title='bbox 396 2161 531 2220; x_wconf 85' lang='lat' dir='ltr'>vitia</span> <span class='ocrx_word' id='word_1_148' title='bbox 562 2158 899 2243; x_wconf 80' lang='lat' dir='ltr'>supergresso</span> <span class='ocrx_word' id='word_1_149' title='bbox 924 2208 940 2233; x_wconf 87' lang='lat'>,</span> <span class='ocrx_word' id='word_1_150' title='bbox 984 2161 1191 2246; x_wconf 89' lang='lat' dir='ltr'>placuit</span> <span class='ocrx_word' id='word_1_151' title='bbox 1217 2183 1338 2221; x_wconf 82' lang='lat' dir='ltr'>tan-</span> 
     </span>
     <span class='ocr_line' id='line_1_26' title="bbox 0 2243 1335 2327; baseline 0.001 -23"><span class='ocrx_word' id='word_1_152' title='bbox 0 2276 38 2313; x_wconf 48' lang='lat'>›23</span> <span class='ocrx_word' id='word_1_153' title='bbox 65 2245 202 2305; x_wconf 91' lang='lat' dir='ltr'>dem</span> <span class='ocrx_word' id='word_1_154' title='bbox 236 2243 484 2304; x_wconf 88' lang='lat' dir='ltr'>belluina</span> <span class='ocrx_word' id='word_1_155' title='bbox 516 2243 803 2323; x_wconf 70' lang='lat' dir='ltr'>aemulari3</span> <span class='ocrx_word' id='word_1_156' title='bbox 850 2252 908 2304; x_wconf 74' lang='grc' dir='ltr'>δε</span> <span class='ocrx_word' id='word_1_157' title='bbox 927 2291 944 2316; x_wconf 90' lang='grc'>,</span> <span class='ocrx_word' id='word_1_158' title='bbox 992 2246 1148 2327; x_wconf 91' lang='lat' dir='ltr'>quod</span> <span class='ocrx_word' id='word_1_159' title='bbox 1180 2246 1335 2306; x_wconf 59' lang='lat' dir='ltr'>diebu</span> 
     </span>
     <span class='ocr_line' id='line_1_27' title="bbox 15 2326 1335 2410; baseline 0.003 -25"><span class='ocrx_word' id='word_1_160' title='bbox 15 2347 38 2385; x_wconf 63' lang='grc' dir='ltr'>’ς</span> <span class='ocrx_word' id='word_1_161' title='bbox 65 2327 396 2388; x_wconf 87' lang='lat' dir='ltr'>incredibile</span> <span class='ocrx_word' id='word_1_162' title='bbox 423 2375 439 2400; x_wconf 87' lang='lat'>,</span> <span class='ocrx_word' id='word_1_163' title='bbox 490 2326 740 2410; x_wconf 85' lang='lat' dir='ltr'>superare</span> <span class='ocrx_word' id='word_1_164' title='bbox 789 2327 1001 2388; x_wconf 86' lang='lat' dir='ltr'>valuit:</span> <span class='ocrx_word' id='word_1_165' title='bbox 1049 2330 1233 2389; x_wconf 87' lang='lat' dir='ltr'>immo</span> <span class='ocrx_word' id='word_1_166' title='bbox 1272 2331 1335 2388; x_wconf 85' lang='lat' dir='ltr'>id</span> 
     </span>
     <span class='ocr_line' id='line_1_28' title="bbox 20 2403 1337 2496; baseline 0.004 -29"><span class='ocrx_word' id='word_1_167' title='bbox 20 2403 44 2467; x_wconf 57' lang='grc' dir='ltr'>ᾗ·</span> <span class='ocrx_word' id='word_1_168' title='bbox 65 2414 240 2473; x_wconf 87' lang='lat' dir='ltr'>etiam</span> <span class='ocrx_word' id='word_1_169' title='bbox 268 2410 527 2492; x_wconf 87' lang='lat' dir='ltr'>adsequi,</span> <span class='ocrx_word' id='word_1_170' title='bbox 565 2432 626 2471; x_wconf 91' lang='lat' dir='ltr'>ut</span> <span class='ocrx_word' id='word_1_171' title='bbox 648 2412 947 2471; x_wconf 87' lang='lat' dir='ltr'>Historiam</span> <span class='ocrx_word' id='word_1_172' title='bbox 971 2461 988 2486; x_wconf 82' lang='lat'>‚</span> <span class='ocrx_word' id='word_1_173' title='bbox 1024 2438 1143 2496; x_wconf 83' lang='lat' dir='ltr'>quae</span> <span class='ocrx_word' id='word_1_174' title='bbox 1172 2414 1337 2495; x_wconf 83' lang='lat' dir='ltr'>quid-</span> 
     </span>
     <span class='ocr_line' id='line_1_29' title="bbox 66 2493 1335 2577; baseline -0.001 -22.036"><span class='ocrx_word' id='word_1_175' title='bbox 66 2497 207 2577; x_wconf 89' lang='lat' dir='ltr'>quid</span> <span class='ocrx_word' id='word_1_176' title='bbox 227 2499 285 2556; x_wconf 90' lang='lat' dir='ltr'>in</span> <span class='ocrx_word' id='word_1_177' title='bbox 306 2496 452 2555; x_wconf 86' lang='lat' dir='ltr'>vitiis</span> <span class='ocrx_word' id='word_1_178' title='bbox 474 2493 714 2556; x_wconf 90' lang='lat' dir='ltr'>insolens</span> <span class='ocrx_word' id='word_1_179' title='bbox 735 2496 806 2556; x_wconf 92' lang='lat' dir='ltr'>ad</span> <span class='ocrx_word' id='word_1_180' title='bbox 823 2497 1023 2556; x_wconf 90' lang='lat' dir='ltr'>odium</span> <span class='ocrx_word' id='word_1_181' title='bbox 1045 2520 1335 2557; x_wconf 82' lang='lat' dir='ltr'>commen-</span> 
     </span>
     <span class='ocr_line' id='line_1_30' title="bbox 29 2580 1330 2665; baseline -0.002 -25"><span class='ocrx_word' id='word_1_182' title='bbox 29 2580 201 2640; x_wconf 42' lang='lat' dir='ltr'>&amp;dare</span> <span class='ocrx_word' id='word_1_183' title='bbox 250 2580 407 2663; x_wconf 83' lang='lat' dir='ltr'>gestit</span> <span class='ocrx_word' id='word_1_184' title='bbox 435 2627 452 2654; x_wconf 85' lang='lat'>,</span> <span class='ocrx_word' id='word_1_185' title='bbox 503 2603 647 2641; x_wconf 87' lang='lat' dir='ltr'>nova</span> <span class='ocrx_word' id='word_1_186' title='bbox 686 2583 999 2665; x_wconf 86' lang='lat' dir='ltr'>stuprorum</span> <span class='ocrx_word' id='word_1_187' title='bbox 1047 2582 1286 2641; x_wconf 87' lang='lat' dir='ltr'>monstra</span> <span class='ocrx_word' id='word_1_188' title='bbox 1313 2625 1330 2653; x_wconf 80' lang='grc'>,</span> 
     </span>
    </p>
   </div>
   <div class='ocr_carea' id='block_1_4' title="bbox 1351 309 1551 420">
    <p class='ocr_par' dir='ltr' id='par_1_5' title="bbox 1351 309 1551 420">
     <span class='ocr_line' id='line_1_31' title="bbox 1351 309 1551 355; baseline -0.01 -5"><span class='ocrx_word' id='word_1_189' title='bbox 1351 309 1404 350; x_wconf 91' lang='grc' dir='ltr'>Α.</span> <span class='ocrx_word' id='word_1_190' title='bbox 1425 311 1477 350; x_wconf 93' lang='lat' dir='ltr'>U.</span> <span class='ocrx_word' id='word_1_191' title='bbox 1495 310 1551 355; x_wconf 79' lang='lat' dir='ltr'>C,</span> 
     </span>
     <span class='ocr_line' id='line_1_32' title="bbox 1401 378 1511 420; baseline -0.009 0"><span class='ocrx_word' id='word_1_192' title='bbox 1401 378 1511 420; x_wconf 82' lang='lat'>820.</span> 
     </span>
    </p>
   </div>
   <div class='ocr_carea' id='block_1_5' title="bbox 1384 452 1510 573">
    <p class='ocr_par' dir='ltr' id='par_1_6' title="bbox 1384 452 1510 573">
     <span class='ocr_line' id='line_1_33' title="bbox 1384 452 1510 492; baseline 0.008 -1"><span class='ocrx_word' id='word_1_193' title='bbox 1384 454 1422 491; x_wconf 83' lang='lat' dir='ltr'>J.</span> <span class='ocrx_word' id='word_1_194' title='bbox 1457 452 1510 492; x_wconf 85' lang='lat' dir='ltr'>C.</span> 
     </span>
     <span class='ocr_line' id='line_1_34' title="bbox 1419 525 1498 573; baseline -0.063 0"><span class='ocrx_word' id='word_1_195' title='bbox 1419 525 1498 573; x_wconf 74' lang='lat'>67.</span> 
     </span>
    </p>
   </div>
  </div>
 </body>
</html>
