<?xml version="1.0" encoding="UTF-8"?>
<!DOCTYPE html PUBLIC "-//W3C//DTD XHTML 1.0 Transitional//EN"
    "http://www.w3.org/TR/xhtml1/DTD/xhtml1-transitional.dtd">
<html xmlns="http://www.w3.org/1999/xhtml" xml:lang="en" lang="en">
 <head>
  <title>
</title>
<meta http-equiv="Content-Type" content="text/html;charset=utf-8" />
  <meta name='ocr-system' content='tesseract 3.04.00' />
  <meta name='ocr-capabilities' content='ocr_page ocr_carea ocr_par ocr_line ocrx_word'/>
</head>
<body>
  <div class='ocr_page' id='page_1' title='image "./ccorneliitacitio03taci_0030.png"; bbox 0 0 1725 2983; ppageno 0'>
   <div class='ocr_carea' id='block_1_1' title="bbox 29 318 217 327">
    <p class='ocr_par' dir='ltr' id='par_1_1' title="bbox 29 318 217 327">
     <span class='ocr_line' id='line_1_1' title="bbox 29 318 217 327; baseline 0 2656"><span class='ocrx_word' id='word_1_1' title='bbox 29 318 217 327; x_wconf 95' lang='lat' dir='ltr'><strong> </strong></span> 
     </span>
    </p>
   </div>
   <div class='ocr_carea' id='block_1_2' title="bbox 235 164 1499 349">
    <p class='ocr_par' dir='ltr' id='par_1_2' title="bbox 235 164 1499 349">
     <span class='ocr_line' id='line_1_2' title="bbox 235 164 1344 226; baseline -0.001 0"><span class='ocrx_word' id='word_1_2' title='bbox 235 182 358 226; x_wconf 79' lang='lat'><strong>20·</strong></span> <span class='ocrx_word' id='word_1_3' title='bbox 423 165 495 225; x_wconf 87' lang='lat' dir='ltr'><strong>C.</strong></span> <span class='ocrx_word' id='word_1_4' title='bbox 539 164 987 225; x_wconf 50' lang='lat' dir='ltr'><strong>Gonnum</strong></span> <span class='ocrx_word' id='word_1_5' title='bbox 1032 166 1344 225; x_wconf 77' lang='lat' dir='ltr'><strong>TAc1rx</strong></span> 
     </span>
     <span class='ocr_line' id='line_1_3' title="bbox 235 262 1499 349; baseline 0 -24"><span class='ocrx_word' id='word_1_6' title='bbox 235 264 423 347; x_wconf 86' lang='lat' dir='ltr'>adegit</span> <span class='ocrx_word' id='word_1_7' title='bbox 447 265 674 325; x_wconf 91' lang='lat' dir='ltr'><strong>Parthos</strong></span> <span class='ocrx_word' id='word_1_8' title='bbox 704 265 926 324; x_wconf 90' lang='lat' dir='ltr'><strong>mittere</strong></span> <span class='ocrx_word' id='word_1_9' title='bbox 948 262 1019 323; x_wconf 90' lang='lat' dir='ltr'><strong>ad</strong></span> <span class='ocrx_word' id='word_1_10' title='bbox 1043 265 1357 349; x_wconf 85' lang='lat' dir='ltr'><strong>Principem</strong></span> <span class='ocrx_word' id='word_1_11' title='bbox 1381 269 1499 329; x_wconf 60' lang='lat' dir='ltr'><strong>Roae‘</strong></span> 
     </span>
    </p>
   </div>
   <div class='ocr_carea' id='block_1_3' title="bbox 30 343 1495 431">
    <p class='ocr_par' dir='ltr' id='par_1_3' title="bbox 30 343 1495 431">
     <span class='ocr_line' id='line_1_4' title="bbox 30 343 1495 431; baseline 0.008 -29"><span class='ocrx_word' id='word_1_12' title='bbox 30 343 149 384; x_wconf 70' lang='grc' dir='ltr'><strong>Αϋ</strong></span> <span class='ocrx_word' id='word_1_13' title='bbox 169 347 216 385; x_wconf 41' lang='lat' dir='ltr'><strong>Cf</strong></span> <span class='ocrx_word' id='word_1_14' title='bbox 237 371 471 407; x_wconf 91' lang='lat' dir='ltr'><strong>manum</strong></span> <span class='ocrx_word' id='word_1_15' title='bbox 497 348 736 408; x_wconf 88' lang='lat' dir='ltr'><strong>occultas</strong></span> <span class='ocrx_word' id='word_1_16' title='bbox 764 370 950 430; x_wconf 85' lang='lat' dir='ltr'><strong>preces</strong></span> <span class='ocrx_word' id='word_1_17' title='bbox 978 394 996 418; x_wconf 90' lang='lat'>,</span> <span class='ocrx_word' id='word_1_18' title='bbox 1040 347 1160 428; x_wconf 74' lang='lat' dir='ltr'><strong>quis</strong></span> <span class='ocrx_word' id='word_1_19' title='bbox 1197 377 1230 400; x_wconf 75' lang='lat' dir='ltr'><strong>ot</strong></span> <span class='ocrx_word' id='word_1_20' title='bbox 1245 352 1495 431; x_wconf 84' lang='lat' dir='ltr'>permitti</span> 
     </span>
    </p>
   </div>
   <div class='ocr_carea' id='block_1_4' title="bbox 63 411 183 615">
    <p class='ocr_par' dir='ltr' id='par_1_4' title="bbox 63 411 183 615">
     <span class='ocr_line' id='line_1_5' title="bbox 72 411 177 458; baseline 0 -6"><span class='ocrx_word' id='word_1_21' title='bbox 72 411 177 458; x_wconf 87' lang='lat'>800.</span> 
     </span>
     <span class='ocr_line' id='line_1_6' title="bbox 63 486 183 529; baseline 0.025 -4"><span class='ocrx_word' id='word_1_22' title='bbox 63 486 98 526; x_wconf 84' lang='lat' dir='ltr'><strong>J.</strong></span> <span class='ocrx_word' id='word_1_23' title='bbox 132 489 183 529; x_wconf 84' lang='lat' dir='ltr'><strong>G.</strong></span> 
     </span>
     <span class='ocr_line' id='line_1_7' title="bbox 80 566 161 615; baseline 0 0"><span class='ocrx_word' id='word_1_24' title='bbox 80 566 161 615; x_wconf 61' lang='lat'>(³7.-</span> 
     </span>
    </p>
   </div>
   <div class='ocr_carea' id='block_1_5' title="bbox 233 427 1605 2651">
    <p class='ocr_par' dir='ltr' id='par_1_5' title="bbox 233 427 1496 574">
     <span class='ocr_line' id='line_1_8' title="bbox 233 427 1496 515; baseline 0.002 -24"><span class='ocrx_word' id='word_1_25' title='bbox 233 431 657 493; x_wconf 62' lang='lat' dir='ltr'><strong>„Meherdaten</strong></span> <span class='ocrx_word' id='word_1_26' title='bbox 673 432 915 515; x_wconf 88' lang='lat' dir='ltr'><strong>patrium</strong></span> <span class='ocrx_word' id='word_1_27' title='bbox 935 430 1006 489; x_wconf 89' lang='lat' dir='ltr'><strong>ad</strong></span> <span class='ocrx_word' id='word_1_28' title='bbox 1027 427 1306 514; x_wconf 87' lang='lat' dir='ltr'><strong>fastigium</strong></span> <span class='ocrx_word' id='word_1_29' title='bbox 1323 461 1355 486; x_wconf 67' lang='grc' dir='ltr'><strong>ιο</strong></span> <span class='ocrx_word' id='word_1_30' title='bbox 1378 455 1496 493; x_wconf 90' lang='lat' dir='ltr'><strong>ora-</strong></span> 
     </span>
     <span class='ocr_line' id='line_1_9' title="bbox 235 514 389 574; baseline 0.006 -1"><span class='ocrx_word' id='word_1_31' title='bbox 235 514 389 574; x_wconf 86' lang='lat' dir='ltr'><strong>bant.</strong></span> 
     </span>
    </p>

    <p class='ocr_par' dir='ltr' id='par_1_6' title="bbox 235 593 1605 2651">
     <span class='ocr_line' id='line_1_10' title="bbox 325 593 1500 658; baseline -0.002 0"><span class='ocrx_word' id='word_1_32' title='bbox 325 600 429 658; x_wconf 87' lang='lat' dir='ltr'><strong>XI.</strong></span> <span class='ocrx_word' id='word_1_33' title='bbox 481 598 684 654; x_wconf 68' lang='lat' dir='ltr'><strong>I1ssz</strong></span> <span class='ocrx_word' id='word_1_34' title='bbox 727 594 1039 655; x_wconf 89' lang='lat' dir='ltr'><strong>consulibus</strong></span> <span class='ocrx_word' id='word_1_35' title='bbox 1073 593 1194 654; x_wconf 89' lang='lat' dir='ltr'><strong>ludi</strong></span> <span class='ocrx_word' id='word_1_36' title='bbox 1226 593 1500 656; x_wconf 68' lang='lat' dir='ltr'><strong>saeculares</strong></span> 
     </span>
     <span class='ocr_line' id='line_1_11' title="bbox 235 677 1498 765; baseline -0.004 -23"><span class='ocrx_word' id='word_1_37' title='bbox 235 677 698 765; x_wconf 67' lang='lat' dir='ltr'><strong>ostingentefimo</strong></span> <span class='ocrx_word' id='word_1_38' title='bbox 735 681 851 761; x_wconf 88' lang='lat' dir='ltr'><strong>post</strong></span> <span class='ocrx_word' id='word_1_39' title='bbox 885 681 1132 739; x_wconf 84' lang='lat' dir='ltr'>Romam</span> <span class='ocrx_word' id='word_1_40' title='bbox 1169 678 1457 737; x_wconf 89' lang='lat' dir='ltr'><strong>conditam</strong></span> <span class='ocrx_word' id='word_1_41' title='bbox 1480 726 1498 753; x_wconf 85' lang='lat'>‚</span> 
     </span>
     <span class='ocr_line' id='line_1_12' title="bbox 236 760 1510 846; baseline -0.002 -23"><span class='ocrx_word' id='word_1_42' title='bbox 236 786 433 846; x_wconf 90' lang='lat' dir='ltr'><strong>quarto</strong></span> <span class='ocrx_word' id='word_1_43' title='bbox 459 772 515 823; x_wconf 71' lang='grc' dir='ltr'><strong>ὃ(</strong></span> <span class='ocrx_word' id='word_1_44' title='bbox 534 760 868 844; x_wconf 83' lang='lat' dir='ltr'><strong>sexagesimo</strong></span> <span class='ocrx_word' id='word_1_45' title='bbox 895 762 1066 842; x_wconf 64' lang='lat' dir='ltr'><strong>quam</strong></span> <span class='ocrx_word' id='word_1_46' title='bbox 1080 760 1354 843; x_wconf 88' lang='lat' dir='ltr'><strong>Augustus</strong></span> <span class='ocrx_word' id='word_1_47' title='bbox 1379 762 1510 821; x_wconf 74' lang='lat' dir='ltr'><strong>edi-?</strong></span> 
     </span>
     <span class='ocr_line' id='line_1_13' title="bbox 238 842 1500 928; baseline -0.002 -21"><span class='ocrx_word' id='word_1_48' title='bbox 238 849 393 907; x_wconf 88' lang='lat' dir='ltr'><strong>derat</strong></span> <span class='ocrx_word' id='word_1_49' title='bbox 417 895 433 919; x_wconf 84' lang='lat'>,</span> <span class='ocrx_word' id='word_1_50' title='bbox 467 844 692 928; x_wconf 59' lang='lat' dir='ltr'><strong>spectati</strong></span> <span class='ocrx_word' id='word_1_51' title='bbox 719 844 859 904; x_wconf 82' lang='lat' dir='ltr'><strong>sunt.</strong></span> <span class='ocrx_word' id='word_1_52' title='bbox 902 842 1204 924; x_wconf 83' lang='lat' dir='ltr'>Utriusque</span> <span class='ocrx_word' id='word_1_53' title='bbox 1234 845 1500 927; x_wconf 89' lang='lat' dir='ltr'><strong>Principis</strong></span> 
     </span>
     <span class='ocr_line' id='line_1_14' title="bbox 236 926 1501 1010; baseline -0.001 -22"><span class='ocrx_word' id='word_1_54' title='bbox 236 932 489 991; x_wconf 33' lang='lat' dir='ltr'><strong>rationes*</strong></span> <span class='ocrx_word' id='word_1_55' title='bbox 501 929 864 1010; x_wconf 63' lang='lat' dir='ltr'><strong>praetermitto</strong></span> <span class='ocrx_word' id='word_1_56' title='bbox 885 974 901 998; x_wconf 84' lang='lat'>,</span> <span class='ocrx_word' id='word_1_57' title='bbox 938 926 1060 986; x_wconf 90' lang='lat' dir='ltr'><strong>satis</strong></span> <span class='ocrx_word' id='word_1_58' title='bbox 1083 947 1322 985; x_wconf 86' lang='lat' dir='ltr'><strong>narratas</strong></span> <span class='ocrx_word' id='word_1_59' title='bbox 1347 927 1501 988; x_wconf 86' lang='lat' dir='ltr'><strong>libris</strong></span> 
     </span>
     <span class='ocr_line' id='line_1_15' title="bbox 237 1010 1503 1095; baseline -0.003 -22"><span class='ocrx_word' id='word_1_60' title='bbox 237 1015 436 1095; x_wconf 86' lang='lat' dir='ltr'><strong>quibus</strong></span> <span class='ocrx_word' id='word_1_61' title='bbox 477 1034 560 1070; x_wconf 88' lang='lat' dir='ltr'><strong>res</strong></span> <span class='ocrx_word' id='word_1_62' title='bbox 600 1010 949 1093; x_wconf 87' lang='lat' dir='ltr'><strong>imperatoris</strong></span> <span class='ocrx_word' id='word_1_63' title='bbox 985 1010 1306 1068; x_wconf 86' lang='lat' dir='ltr'><strong>Domitiani</strong></span> <span class='ocrx_word' id='word_1_64' title='bbox 1343 1034 1503 1069; x_wconf 82' lang='lat' dir='ltr'><strong>com-</strong></span> 
     </span>
     <span class='ocr_line' id='line_1_16' title="bbox 236 1092 1504 1179; baseline -0.002 -23"><span class='ocrx_word' id='word_1_65' title='bbox 236 1096 393 1179; x_wconf 90' lang='lat' dir='ltr'><strong>posui</strong></span> <span class='ocrx_word' id='word_1_66' title='bbox 418 1122 430 1154; x_wconf 76' lang='lat' dir='ltr'>z</span> <span class='ocrx_word' id='word_1_67' title='bbox 471 1117 603 1152; x_wconf 85' lang='lat' dir='ltr'><strong>nam</strong></span> <span class='ocrx_word' id='word_1_68' title='bbox 632 1095 676 1151; x_wconf 86' lang='lat' dir='ltr'><strong>is</strong></span> <span class='ocrx_word' id='word_1_69' title='bbox 699 1114 924 1174; x_wconf 89' lang='lat' dir='ltr'><strong>quoque</strong></span> <span class='ocrx_word' id='word_1_70' title='bbox 952 1092 1130 1151; x_wconf 79' lang='lat' dir='ltr'><strong>edidit</strong></span> <span class='ocrx_word' id='word_1_71' title='bbox 1155 1092 1315 1150; x_wconf 90' lang='lat' dir='ltr'><strong>ludos</strong></span> <span class='ocrx_word' id='word_1_72' title='bbox 1339 1092 1504 1153; x_wconf 83' lang='lat' dir='ltr'><strong>saecu-</strong></span> 
     </span>
     <span class='ocr_line' id='line_1_17' title="bbox 235 1172 1504 1258; baseline -0.002 -20"><span class='ocrx_word' id='word_1_73' title='bbox 235 1180 374 1239; x_wconf 89' lang='lat' dir='ltr'><strong>lares</strong></span> <span class='ocrx_word' id='word_1_74' title='bbox 398 1227 416 1252; x_wconf 87' lang='lat'>,</span> <span class='ocrx_word' id='word_1_75' title='bbox 458 1175 632 1258; x_wconf 89' lang='lat' dir='ltr'><strong>iisque</strong></span> <span class='ocrx_word' id='word_1_76' title='bbox 660 1175 929 1235; x_wconf 74' lang='lat' dir='ltr'><strong>intentius</strong></span> <span class='ocrx_word' id='word_1_77' title='bbox 960 1172 1154 1247; x_wconf 87' lang='lat' dir='ltr'><strong>adfui,</strong></span> <span class='ocrx_word' id='word_1_78' title='bbox 1195 1173 1504 1235; x_wconf 86' lang='lat' dir='ltr'><strong>sacerdotio</strong></span> 
     </span>
     <span class='ocr_line' id='line_1_18' title="bbox 239 1258 1506 1344; baseline -0.003 -22"><span class='ocrx_word' id='word_1_79' title='bbox 239 1258 727 1344; x_wconf 82' lang='lat' dir='ltr'><strong>quindecimvirali</strong></span> <span class='ocrx_word' id='word_1_80' title='bbox 743 1259 997 1341; x_wconf 85' lang='lat' dir='ltr'><strong>praeditus</strong></span> <span class='ocrx_word' id='word_1_81' title='bbox 1015 1305 1032 1330; x_wconf 86' lang='lat'>,</span> <span class='ocrx_word' id='word_1_82' title='bbox 1051 1281 1111 1316; x_wconf 88' lang='lat' dir='ltr'><strong>ac</strong></span> <span class='ocrx_word' id='word_1_83' title='bbox 1133 1278 1256 1316; x_wconf 89' lang='lat' dir='ltr'><strong>tum</strong></span> <span class='ocrx_word' id='word_1_84' title='bbox 1277 1279 1506 1340; x_wconf 85' lang='lat' dir='ltr'><strong>praetor:</strong></span> 
     </span>
     <span class='ocr_line' id='line_1_19' title="bbox 238 1338 1507 1427; baseline -0.006 -21"><span class='ocrx_word' id='word_1_85' title='bbox 238 1346 394 1427; x_wconf 90' lang='lat' dir='ltr'><strong>quod</strong></span> <span class='ocrx_word' id='word_1_86' title='bbox 421 1368 536 1402; x_wconf 90' lang='lat' dir='ltr'><strong>non</strong></span> <span class='ocrx_word' id='word_1_87' title='bbox 563 1341 821 1423; x_wconf 47' lang='lat' dir='ltr'><strong>jactantia</strong></span> <span class='ocrx_word' id='word_1_88' title='bbox 843 1340 1026 1401; x_wconf 89' lang='lat' dir='ltr'><strong>refero</strong></span> <span class='ocrx_word' id='word_1_89' title='bbox 1050 1388 1066 1412; x_wconf 90' lang='lat'>‚</span> <span class='ocrx_word' id='word_1_90' title='bbox 1106 1338 1201 1400; x_wconf 88' lang='lat' dir='ltr'><strong>sed</strong></span> <span class='ocrx_word' id='word_1_91' title='bbox 1233 1342 1364 1421; x_wconf 89' lang='lat' dir='ltr'><strong>quia</strong></span> <span class='ocrx_word' id='word_1_92' title='bbox 1394 1341 1507 1401; x_wconf 79' lang='lat' dir='ltr'><strong>col-</strong></span> 
     </span>
     <span class='ocr_line' id='line_1_20' title="bbox 238 1423 1504 1511; baseline -0.005 -22"><span class='ocrx_word' id='word_1_93' title='bbox 238 1428 390 1511; x_wconf 89' lang='lat' dir='ltr'><strong>legio</strong></span> <span class='ocrx_word' id='word_1_94' title='bbox 411 1423 923 1508; x_wconf 69' lang='lat' dir='ltr'><strong>quindecimvirum</strong></span> <span class='ocrx_word' id='word_1_95' title='bbox 941 1423 1244 1504; x_wconf 87' lang='lat' dir='ltr'><strong>antiquitus</strong></span> <span class='ocrx_word' id='word_1_96' title='bbox 1263 1446 1327 1483; x_wconf 90' lang='lat' dir='ltr'><strong>ea</strong></span> <span class='ocrx_word' id='word_1_97' title='bbox 1343 1447 1471 1483; x_wconf 89' lang='lat' dir='ltr'><strong>cura</strong></span> <span class='ocrx_word' id='word_1_98' title='bbox 1486 1471 1504 1497; x_wconf 88' lang='lat'><strong>,</strong></span> 
     </span>
     <span class='ocr_line' id='line_1_21' title="bbox 240 1505 1507 1593; baseline -0.006 -21"><span class='ocrx_word' id='word_1_99' title='bbox 240 1520 299 1572; x_wconf 89' lang='lat'>&amp;</span> <span class='ocrx_word' id='word_1_100' title='bbox 333 1511 672 1593; x_wconf 89' lang='lat' dir='ltr'><strong>magistratus</strong></span> <span class='ocrx_word' id='word_1_101' title='bbox 706 1506 1047 1591; x_wconf 79' lang='lat' dir='ltr'><strong>potiffimum</strong></span> <span class='ocrx_word' id='word_1_102' title='bbox 1074 1505 1507 1588; x_wconf 84' lang='lat' dir='ltr'><strong>exsequebantur</strong></span> 
     </span>
     <span class='ocr_line' id='line_1_22' title="bbox 241 1588 1510 1653; baseline -0.003 0"><span class='ocrx_word' id='word_1_103' title='bbox 241 1591 424 1653; x_wconf 88' lang='lat' dir='ltr'><strong>officia</strong></span> <span class='ocrx_word' id='word_1_104' title='bbox 461 1592 919 1650; x_wconf 86' lang='lat' dir='ltr'><strong>caerimoniarum.</strong></span> <span class='ocrx_word' id='word_1_105' title='bbox 985 1588 1224 1649; x_wconf 87' lang='lat' dir='ltr'><strong>Sedente</strong></span> <span class='ocrx_word' id='word_1_106' title='bbox 1262 1588 1510 1649; x_wconf 90' lang='lat' dir='ltr'><strong>Claudio</strong></span> 
     </span>
     <span class='ocr_line' id='line_1_23' title="bbox 244 1671 1508 1753; baseline -0.002 -17"><span class='ocrx_word' id='word_1_107' title='bbox 244 1675 597 1736; x_wconf 84' lang='lat' dir='ltr'><strong>Circensibus</strong></span> <span class='ocrx_word' id='word_1_108' title='bbox 648 1673 791 1733; x_wconf 91' lang='lat' dir='ltr'><strong>ludis</strong></span> <span class='ocrx_word' id='word_1_109' title='bbox 830 1721 847 1746; x_wconf 87' lang='lat'>,</span> <span class='ocrx_word' id='word_1_110' title='bbox 906 1671 1036 1731; x_wconf 74' lang='lat' dir='ltr'><strong>cum</strong></span> <span class='ocrx_word' id='word_1_111' title='bbox 1081 1673 1237 1753; x_wconf 89' lang='lat' dir='ltr'><strong>pueri</strong></span> <span class='ocrx_word' id='word_1_112' title='bbox 1290 1672 1508 1734; x_wconf 87' lang='lat' dir='ltr'><strong>nobiles</strong></span> 
     </span>
     <span class='ocr_line' id='line_1_24' title="bbox 245 1753 1510 1841; baseline -0.002 -22"><span class='ocrx_word' id='word_1_113' title='bbox 245 1760 402 1841; x_wconf 91' lang='lat' dir='ltr'><strong>equis</strong></span> <span class='ocrx_word' id='word_1_114' title='bbox 439 1757 718 1816; x_wconf 89' lang='lat' dir='ltr'><strong>ludicrum</strong></span> <span class='ocrx_word' id='word_1_115' title='bbox 747 1757 933 1836; x_wconf 81' lang='lat' dir='ltr'><strong>Trojae</strong></span> <span class='ocrx_word' id='word_1_116' title='bbox 969 1755 1215 1826; x_wconf 87' lang='lat' dir='ltr'><strong>inirent,</strong></span> <span class='ocrx_word' id='word_1_117' title='bbox 1253 1753 1510 1837; x_wconf 85' lang='lat' dir='ltr'><strong>interque</strong></span> 
     </span>
     <span class='ocr_line' id='line_1_25' title="bbox 246 1836 1511 1918; baseline -0.003 -16"><span class='ocrx_word' id='word_1_118' title='bbox 246 1866 341 1903; x_wconf 92' lang='lat' dir='ltr'><strong>eos</strong></span> <span class='ocrx_word' id='word_1_119' title='bbox 365 1840 711 1900; x_wconf 89' lang='lat' dir='ltr'><strong>Britannicus</strong></span> <span class='ocrx_word' id='word_1_120' title='bbox 736 1885 752 1909; x_wconf 84' lang='lat'>‚</span> <span class='ocrx_word' id='word_1_121' title='bbox 790 1839 1126 1918; x_wconf 84' lang='lat' dir='ltr'><strong>imperatore</strong></span> <span class='ocrx_word' id='word_1_122' title='bbox 1154 1836 1372 1917; x_wconf 88' lang='lat' dir='ltr'><strong>genitus</strong></span> <span class='ocrx_word' id='word_1_123' title='bbox 1397 1885 1414 1909; x_wconf 89' lang='lat'>‚</span> <span class='ocrx_word' id='word_1_124' title='bbox 1452 1847 1511 1898; x_wconf 72' lang='grc' dir='ltr'><strong>δε</strong></span> 
     </span>
     <span class='ocr_line' id='line_1_26' title="bbox 245 1918 1511 2001; baseline -0.005 -16"><span class='ocrx_word' id='word_1_125' title='bbox 245 1929 312 1985; x_wconf 93' lang='lat' dir='ltr'><strong>L.</strong></span> <span class='ocrx_word' id='word_1_126' title='bbox 328 1923 619 1983; x_wconf 87' lang='lat' dir='ltr'><strong>Domitius</strong></span> <span class='ocrx_word' id='word_1_127' title='bbox 643 1921 948 2001; x_wconf 87' lang='lat' dir='ltr'><strong>adoptione</strong></span> <span class='ocrx_word' id='word_1_128' title='bbox 969 1941 1102 1977; x_wconf 84' lang='lat' dir='ltr'><strong>mox</strong></span> <span class='ocrx_word' id='word_1_129' title='bbox 1125 1918 1185 1975; x_wconf 87' lang='lat' dir='ltr'><strong>in</strong></span> <span class='ocrx_word' id='word_1_130' title='bbox 1208 1919 1511 2001; x_wconf 86' lang='lat' dir='ltr'><strong>imperium</strong></span> 
     </span>
     <span class='ocr_line' id='line_1_27' title="bbox 249 1999 1512 2089; baseline -0.003 -22"><span class='ocrx_word' id='word_1_131' title='bbox 249 2017 308 2068; x_wconf 72' lang='grc' dir='ltr'><strong>δε</strong></span> <span class='ocrx_word' id='word_1_132' title='bbox 332 2024 776 2089; x_wconf 84' lang='lat' dir='ltr'><strong>cognomentum</strong></span> <span class='ocrx_word' id='word_1_133' title='bbox 802 2002 1042 2062; x_wconf 90' lang='lat' dir='ltr'><strong>Neronis</strong></span> <span class='ocrx_word' id='word_1_134' title='bbox 1071 1999 1332 2074; x_wconf 78' lang='lat' dir='ltr'><strong>adscitUS‚</strong></span> <span class='ocrx_word' id='word_1_135' title='bbox 1354 2001 1512 2063; x_wconf 88' lang='lat' dir='ltr'><strong>favor</strong></span> 
     </span>
     <span class='ocr_line' id='line_1_28' title="bbox 248 2083 1514 2175; baseline -0.003 -27"><span class='ocrx_word' id='word_1_136' title='bbox 248 2090 424 2175; x_wconf 88' lang='lat' dir='ltr'><strong>plebis</strong></span> <span class='ocrx_word' id='word_1_137' title='bbox 449 2089 624 2147; x_wconf 88' lang='lat' dir='ltr'><strong>acrior</strong></span> <span class='ocrx_word' id='word_1_138' title='bbox 644 2088 702 2146; x_wconf 91' lang='lat' dir='ltr'><strong>in</strong></span> <span class='ocrx_word' id='word_1_139' title='bbox 729 2085 1056 2145; x_wconf 89' lang='lat' dir='ltr'><strong>Domitium</strong></span> <span class='ocrx_word' id='word_1_140' title='bbox 1079 2131 1096 2156; x_wconf 86' lang='lat'>‚</span> <span class='ocrx_word' id='word_1_141' title='bbox 1126 2084 1252 2143; x_wconf 92' lang='lat' dir='ltr'><strong>loco</strong></span> <span class='ocrx_word' id='word_1_142' title='bbox 1271 2083 1514 2169; x_wconf 58' lang='lat' dir='ltr'><strong>praesagii</strong></span> 
     </span>
     <span class='ocr_line' id='line_1_29' title="bbox 251 2165 1605 2251; baseline -0.003 -19"><span class='ocrx_word' id='word_1_143' title='bbox 251 2197 378 2233; x_wconf 83' lang='lat' dir='ltr'><strong>acce</strong></span> <span class='ocrx_word' id='word_1_144' title='bbox 420 2193 504 2231; x_wconf 88' lang='lat' dir='ltr'><strong>tus</strong></span> <span class='ocrx_word' id='word_1_145' title='bbox 552 2173 628 2231; x_wconf 92' lang='lat' dir='ltr'><strong>est</strong></span> <span class='ocrx_word' id='word_1_146' title='bbox 665 2195 679 2228; x_wconf 69' lang='grc' dir='ltr'>ε</span> <span class='ocrx_word' id='word_1_147' title='bbox 739 2167 1175 2251; x_wconf 82' lang='lat' dir='ltr'><strong>vulgabaturque</strong></span> <span class='ocrx_word' id='word_1_148' title='bbox 1222 2195 1256 2219; x_wconf 74' lang='grc' dir='ltr'><em>α</em></span> <span class='ocrx_word' id='word_1_149' title='bbox 1281 2165 1513 2230; x_wconf 81' lang='lat' dir='ltr'><strong>adfuiffe</strong></span> <span class='ocrx_word' id='word_1_150' title='bbox 1587 2214 1605 2228; x_wconf 67' lang='grc'><strong><em>,</em></strong></span> 
     </span>
     <span class='ocr_line' id='line_1_30' title="bbox 249 2196 1516 2335; baseline 0 -23"><span class='ocrx_word' id='word_1_151' title='bbox 249 2196 539 2315; x_wconf 59' lang='grc' dir='ltr'><strong>ωἰηὲξηῑίεε</strong></span> <span class='ocrx_word' id='word_1_152' title='bbox 567 2262 681 2335; x_wconf 84' lang='lat' dir='ltr'><strong>ejus</strong></span> <span class='ocrx_word' id='word_1_153' title='bbox 712 2251 976 2312; x_wconf 88' lang='lat' dir='ltr'><strong>dracones</strong></span> <span class='ocrx_word' id='word_1_154' title='bbox 999 2252 1057 2309; x_wconf 89' lang='lat' dir='ltr'><strong>in</strong></span> <span class='ocrx_word' id='word_1_155' title='bbox 1081 2250 1317 2310; x_wconf 91' lang='lat' dir='ltr'><strong>modum</strong></span> <span class='ocrx_word' id='word_1_156' title='bbox 1342 2254 1516 2312; x_wconf 77' lang='lat' dir='ltr'><strong>custo-</strong></span> 
     </span>
     <span class='ocr_line' id='line_1_31' title="bbox 253 2333 1511 2415; baseline 0 -20"><span class='ocrx_word' id='word_1_157' title='bbox 253 2339 437 2399; x_wconf 67' lang='lat' dir='ltr'><strong>»dum</strong></span> <span class='ocrx_word' id='word_1_158' title='bbox 455 2361 516 2415; x_wconf 78' lang='lat'><strong>203</strong></span> <span class='ocrx_word' id='word_1_159' title='bbox 559 2333 806 2395; x_wconf 91' lang='lat' dir='ltr'><strong>fabulosa</strong></span> <span class='ocrx_word' id='word_1_160' title='bbox 851 2344 909 2404; x_wconf 89' lang='lat'>&amp;</span> <span class='ocrx_word' id='word_1_161' title='bbox 952 2334 1187 2394; x_wconf 86' lang='lat' dir='ltr'><strong>externis</strong></span> <span class='ocrx_word' id='word_1_162' title='bbox 1232 2335 1511 2395; x_wconf 88' lang='lat' dir='ltr'><strong>miraculis</strong></span> 
     </span>
     <span class='ocr_line' id='line_1_32' title="bbox 255 2416 1514 2501; baseline -0.003 -19"><span class='ocrx_word' id='word_1_163' title='bbox 255 2421 580 2483; x_wconf 82' lang='lat' dir='ltr'><strong>adsimulata</strong></span> <span class='ocrx_word' id='word_1_164' title='bbox 602 2446 615 2478; x_wconf 78' lang='lat' dir='ltr'><em>z</em></span> <span class='ocrx_word' id='word_1_165' title='bbox 647 2443 781 2478; x_wconf 89' lang='lat' dir='ltr'><strong>nam</strong></span> <span class='ocrx_word' id='word_1_166' title='bbox 805 2417 918 2501; x_wconf 88' lang='lat' dir='ltr'><strong>ipse</strong></span> <span class='ocrx_word' id='word_1_167' title='bbox 935 2465 951 2490; x_wconf 88' lang='lat'>‚</span> <span class='ocrx_word' id='word_1_168' title='bbox 983 2416 1412 2498; x_wconf 87' lang='lat' dir='ltr'><strong>haudquaquam</strong></span> <span class='ocrx_word' id='word_1_169' title='bbox 1433 2417 1514 2478; x_wconf 81' lang='lat' dir='ltr'><strong>su‘i</strong></span> 
     </span>
     <span class='ocr_line' id='line_1_33' title="bbox 257 2500 1532 2582; baseline -0.002 -17"><span class='ocrx_word' id='word_1_170' title='bbox 257 2505 531 2566; x_wconf 60' lang='lat' dir='ltr'><strong>detractor</strong></span> <span class='ocrx_word' id='word_1_171' title='bbox 551 2551 569 2575; x_wconf 87' lang='lat'>‚</span> <span class='ocrx_word' id='word_1_172' title='bbox 616 2529 649 2555; x_wconf 83' lang='lat' dir='ltr'><strong>oc</strong></span> <span class='ocrx_word' id='word_1_173' title='bbox 671 2525 841 2562; x_wconf 88' lang='lat' dir='ltr'><strong>unam</strong></span> <span class='ocrx_word' id='word_1_174' title='bbox 887 2500 1122 2559; x_wconf 87' lang='lat' dir='ltr'><strong>omnino</strong></span> <span class='ocrx_word' id='word_1_175' title='bbox 1168 2523 1409 2582; x_wconf 87' lang='lat' dir='ltr'><strong>anguem</strong></span> <span class='ocrx_word' id='word_1_176' title='bbox 1454 2503 1532 2563; x_wconf 21' lang='lat' dir='ltr'><strong>in*</strong></span> 
     </span>
     <span class='ocr_line' id='line_1_34' title="bbox 256 2580 1373 2651; baseline -0.004 -3"><span class='ocrx_word' id='word_1_177' title='bbox 256 2585 554 2651; x_wconf 52' lang='lat' dir='ltr'><strong>„cubiculo</strong></span> <span class='ocrx_word' id='word_1_178' title='bbox 578 2584 751 2647; x_wconf 85' lang='lat' dir='ltr'><strong>visam</strong></span> <span class='ocrx_word' id='word_1_179' title='bbox 767 2614 801 2641; x_wconf 78' lang='lat'><strong>22</strong></span> <span class='ocrx_word' id='word_1_180' title='bbox 826 2605 1042 2646; x_wconf 85' lang='lat' dir='ltr'><strong>narrare</strong></span> <span class='ocrx_word' id='word_1_181' title='bbox 1067 2580 1253 2645; x_wconf 88' lang='lat' dir='ltr'><strong>solitus</strong></span> <span class='ocrx_word' id='word_1_182' title='bbox 1281 2585 1373 2646; x_wconf 89' lang='lat' dir='ltr'><strong>est.</strong></span> 
     </span>
    </p>
   </div>
  </div>
 </body>
</html>
