1725 2983
394 152 1228 215 ANNAL1UML113.XI.
1367 162 1474 231 ¹7⁴⁶

172 244 344 331 ‘usque
390 251 463 310 ad
507 250 651 311 dena
695 248 934 310 sestertia
959 296 975 322 ‚
1028 274 1199 331 quem
1248 253 1656 336 εὲῐεΠῑΞῃ

174 334 606 415 repetundarum
641 353 979 393 tenerentur.

1461 340 1512 380 A.
1531 342 1579 380 U.
1600 339 1652 382 C.

252 417 416 478 Vlll·
457 419 567 485 SUB
596 416 753 476 idem
788 437 1008 498 tempus
1035 416 1397 475 Mithridates
1417 463 1434 489 ,
1504 416 1613 458 800·

171 519 344 579 quem
379 494 712 582 imperkaffe
739 500 1023 559 Armeniis
1044 546 1062 571 ‚
1103 507 1161 559 &
1195 499 1264 557 ad
1303 522 1436 580 prae-
1497 496 1535 536 J·
1566 495 1620 537 C·

171 580 408 642 sentiam
434 581 660 643 Caesaris
685 587 909 643 vectum
939 582 1282 654 memoravi,
1318 605 1438 639 mo·-

173 687 345 726 nente
390 666 636 725 Claudio
666 713 684 737 ‚
734 668 797 725 in
838 688 1078 748 regnum
1129 665 1440 736 remeavit,

171 746 296 808 fisus
332 747 709 808 Pharasmanis
750 749 964 831 opibus,
1011 751 1064 807 Is
1103 770 1195 808 rex
1219 748 1393 806 Iberis
1422 794 1439 820 ,

172 830 443 913 idemque
490 829 1056 911 Mithridatis-frater
1083 877 1099 903 ,
1151 830 1444 892 nuntiabat

182 941 216 965 ot
235 913 544 975 discordare
569 916 829 974 Parthos:
866 912 1195 994 summaque
1218 914 1444 996 imperii

172 997 521 1080 mainbigua,
565 999 785 1057 minora
834 997 946 1057 fine
999 998 1128 1056 cura
1174 998 1442 1056 haberi».

172 1081 326 1139 Nam
361 1082 507 1140 inter
545 1082 799 1141 Gotarzis
841 1081 1102 1164 pleraque
1140 1078 1274 1139 saeva
1310 1080 1445 1160 (qui

173 1185 374 1223 necem
415 1162 571 1223 fratri
607 1164 896 1224 Artabano
929 1211 947 1237 ,
999 1164 1334 1245 conjugique
1381 1186 1443 1222 ac

172 1245 291 1305 filio
320 1254 435 1328 ejus
460 1268 848 1330 properaverat
874 1294 890 1319 ,
936 1245 1087 1306 unde
1111 1268 1294 1306 metus
1331 1253 1445 1328 ejus

171 1328 232 1387 in
256 1335 487 1406 ceteros)
506 1331 752 1390 accivere
775 1330 1086 1390 Bardanen.
1103 1329 1226 1402 Ille,
1247 1349 1308 1389 ut
1329 1350 1444 1389 erat

168 1413 388 1494 magnis
415 1411 549 1472 aufis
574 1433 864 1496 promptus
886 1461 903 1486 ,
939 1413 1113 1472 biduo
1139 1414 1242 1472 tria
1266 1411 1446 1472 millia

168 1496 472 1554 stadiorum
520 1496 738 1556 invadit
770 1544 788 1569 ,
833 1498 1205 1579 ignarumque
1248 1504 1306 1556 &
1347 1518 1442 1556 ex-

167 1579 426 1640 territum
445 1581 729 1639 Gotarzen
746 1581 1061 1662 proturbat:
1078 1602 1261 1660 neque
1278 1601 1441 1638 cunc-

169 1681 315 1723 tatur
337 1709 354 1735 ,
391 1661 529 1744 quin
569 1665 845 1746 proximas
884 1662 1229 1747 praefefituras
1264 1664 1437 1721 corri-

167 1745 321 1827 piat,
361 1743 487 1823 solis
528 1745 939 1805 Seleucensibus
981 1745 1434 1805 dominationem

165 1833 281 1909 ejus
318 1826 688 1886 abnuentibus
714 1852 725 1885 :
764 1829 823 1885 in
853 1851 991 1908 quos
1013 1874 1029 1900 ,
1072 1849 1133 1886 ut
1161 1828 1326 1910 patris
1351 1827 1436 1888 sui

164 1932 391 1991 quoque
422 1907 732 1970 defectores
756 1957 773 1982 ,
806 1910 887 1969 ira
916 1910 1093 1993 magis
1117 1958 1133 1983 ,
1172 1912 1344 1991 quam
1367 1934 1434 1971 ex

164 1991 262 2053 usu
304 1991 552 2076 praesenti
588 1992 840 2053 accensus
864 2041 880 2066 ‚
924 1993 1243 2076 implicatur
1286 1994 1433 2053 obfi—

163 2076 335 2136 dione
373 2076 521 2135 urbis
552 2076 746 2136 validae
769 2125 786 2149 ,
836 2086 894 2137 &
929 2077 1296 2137 munimentis
1332 2078 1432 2137 ob-

160 2160 292 2241 jeffi
333 2160 512 2218 amnis
534 2207 550 2232 ‚
597 2183 871 2241 muroque
919 2170 977 2221 δε
1022 2161 1431 2221 commeatibus

161 2243 409 2302 firmatae.
468 2245 705 2302 Interim
753 2247 1022 2304 Gotarzes
1056 2292 1072 2317 ‚
1131 2245 1426 2304 Daharum

161 2328 661 2407 Hyrcanorumque
700 2327 898 2409 opibus
942 2332 1128 2387 auctus
1152 2375 1169 2400 ,
1208 2327 1423 2387 bellum

161 2430 433 2469 renovat:
477 2406 801 2490 coactusque
842 2411 1119 2471 Bardanes
1162 2411 1424 2471 omittere

163 2490 470 2552 Seleuciam
484 2541 503 2567 ,
523 2495 837 2555 Bactrianos
857 2495 1004 2579 apud
1017 2518 1241 2579 campos
1258 2496 1425 2555 castra.

159 2574 417 2655 eontulit.

1520 575 1603 622 47«
