1637 2917
0 0 43 130 ,Β

0 132 8 161 ἶ

0 164 23 221 ἕ..

357 117 726 193 ἈιὲἓΝΑιιυ
749 147 797 185 M
856 126 971 186 No
995 145 1117 186 TAE.
1249 143 1367 206 403

102 224 354 294 plurimum
375 222 527 282 valet,
564 222 726 270 Romae
755 225 930 272 incolas
961 242 1066 274 cum
1089 224 1295 274 Londini
1325 231 1373 275 &

0 295 8 315 ²
53 319 73 331 -
99 295 295 344 Lutetiae
331 288 604 339 Patifiorum
636 289 799 337 incolis
838 294 1048 351 contuli,
1099 299 1143 340 &
1178 291 1377 358 probavi

0 579 19 634 {k

101 358 191 408 esse
220 375 345 406 nunc
373 356 566 406 Lutetiae
586 354 762 402 incolas
795 357 971 404 circiter
1003 391 1017 403 .
1048 391 1061 403 .
1099 393 1110 406 .
1146 367 1378 417 64o,000.

99 424 312 473 Londini
414 456 427 469 .
459 429 462 432 ⁴
497 454 1067 469 ........
1146 429 1376 484 768,οοο.

99 489 230 539 fuisse
251 505 403 538 autem
420 487 581 537 Romae
649 520 1065 535 ......
1104 506 1170 548 1,1
1182 493 1377 549 8o,000.

97 573 155 605 ac
173 555 370 621 proinde
390 554 551 602 Romae
571 552 716 601 multo
738 554 962 614 majorem
986 550 1112 600 fuisse
1126 593 1138 613 ‚
1165 554 1305 622 quam
1322 559 1379 605 im

99 620 452 671 celebratissimis
489 617 687 684 Europae
727 619 909 667 urbibus
946 621 1113 684 populi
1151 620 1376 688 frequen-

99 689 228 737 tiam.
263 688 411 737 Simul
436 685 588 734 addidi
614 688 663 733 in
683 684 880 734 Oriente
904 688 1052 751 magis
1079 686 1379 736 numerosum·

99 753 190 803 effe
207 753 436 819 populum
453 789 466 811 ‚
496 757 541 797 &
563 752 612 797 in
635 751 725 798 unci
747 752 864 801 urbe
878 750 1088 817 Pdking‚
1118 756 1380 815 numerari,-

99 836 148 869 ut
171 819 309 868 fertur
332 856 346 879 ‚
384 819 532 866 tricies
557 814 701 865 ferme
725 817 969 866 hominum
994 851 1006 864 .
1031 852 1044 865 .
1064 852 1075 865 .
1103 835 1375 880 3,000,000.

96 884 246 949 Quod
281 886 478 932 nimium
517 883 632 931 mihi
669 883 813 932 videri
847 884 1025 932 ibidem
1056 887 1233 933 monui.
1281 884 1381 934 Sed.

98 950 219 1000 certe
245 957 287 998 &
310 949 402 998 fine
423 949 519 996 ullo
543 949 912 1014 amplificationis
937 965 1062 998 metu
1080 988 1093 1011 ‚
1134 967 1181 999 ut
1214 950 1374 1000 recens

15 1065 20 1068 .
94 1019 256 1083 accepi
271 1016 326 1064 ab
341 1017 395 1064 iis
417 1013 838 1090 quii'ekinimultis
856 1015 1024 1065 abhinc
1039 1018 1170 1065 annis
1184 1015 1379 1083 degunt5

95 1083 162 1132 ibi
187 1097 481 1130 numerantur
503 1081 667 1128 incolae
691 1084 868 1131 circi-ter
900 1116 912 1130 .
949 1116 962 1129 .
998 1115 1010 1129 .
1047 1115 1059 1129 .
1098 1098 1373 1143 2,500‚ooo.

98 1147 246 1212 Quod
270 1145 461 1195 minime
482 1148 650 1194 mirum
669 1145 756 1197 effe
779 1147 870 1198 dixi
888 1151 938 1198 in
961 1149 1158 1213 irnperio
1179 1186 1191 1208 ,
1215 1151 1288 1196 cui
1309 1149 1374 1196 est

98 1215 165 1263 bis
196 1215 361 1262 millies
385 1212 644 1261 incolarum
712 1247 724 1261 .
793 1248 806 1262 .
874 1248 886 1262 .
952 1248 965 1261 .
1032 1232 1382 1276 200‚000,000.-

94 1280 163 1331 At
191 1279 297 1329 etim
336 1279 413 1328 Cl.
443 1277 500 1326 de
529 1278 676 1341 Paw,
714 1281 783 1327 vir
818 1281 971 1328 multae
1008 1279 1219 1328 lectionis
1241 1318 1254 1341 ‚
1293 1281 1380 1346 qui-

95 1349 205 1395 ritus
226 1385 238 1407 ,
270 1363 422 1393 mores
445 1383 458 1404 ‚
484 1344 666 1412 aliaque
686 1345 884 1394 Sinenlis
913 1346 1078 1410 populi
1101 1363 1276 1412 magno
1298 1348 1376 1394 la·

20 1451 23 1454 -
96 1412 207 1462 bore
238 1412 553 1471 coacervavit,
587 1426 637 1459 ut
671 1426 859 1478 gentem
893 1411 972 1458 fibi
1007 1428 1092 1459 nec
1121 1410 1251 1473 satis,
1285 1428 1377 1461 nec

93 1479 338 1546 diligenter
381 1478 621 1543 cognitam
662 1493 925 1526 extenuaret
966 1494 1020 1524 ac
1064 1477 1381 1542 deprimeret,

97 1563 253 1611 operae
286 1546 485 1610 pretium
516 1542 625 1592 duxi
656 1560 756 1610 quae
789 1544 935 1590 obiter
964 1545 1206 1608 attigeram
1235 1542 1379 1593 fufius

96 1613 344 1677 explanare
360 1647 371 1669 ‚
401 1624 449 1656 ut
468 1624 536 1655 res
558 1648 571 1670 ‚
599 1611 690 1675 qua
716 1610 844 1656 nulla
871 1609 934 1655 est
956 1610 1005 1655 in
1031 1608 1219 1672 politica
1243 1626 1375 1657 oeco-

95 1678 255 1726 nomia
281 1676 532 1724 attentione
556 1675 742 1742 dignior
759 1714 773 1738 ‚
806 1691 895 1741 pro
927 1676 1187 1742 argumenti
1214 1674 1377 1742 digni--⁴

98 1758 188 1796 tate
220 1742 517 1793 evolveretur.

86 1896 194 1966 *De
218 1896 411 1972 populi
435 1888 744 1970 frequentid
780 1892 926 1970 apud
941 1893 1112 1949 Sinas
1128 1933 1153 1960 ,
1194 1888 1378 1969 hujus-⁹³,

314 1999 414 2055 que
442 1995 602 2033 tantae
624 1972 933 2054 frequentia
966 1976 1154 2048 causis,

160 2138 251 2189 CL.
282 2155 360 2187 DE
394 2138 551 2201 ΡΑΨ,
585 2137 868 2188 Recherclzes
905 2137 1270 2206 Philosbphz‘ques
1286 2140 1376 2206 fiir

97 2203 167 2255 les
196 2204 454 2272 Egyptiens
484 2204 534 2255 Cr·
565 2204 632 2254 les
652 2204 846 2254 Clzinois
864 2245 879 2267 ‚
909 2204 1054 2254 Tom.
1072 2206 1093 2253 I
1112 2245 1124 2265 ,
1159 2223 1271 2274 pag.
1293 2212 1377 2265 890

97 2272 243 2322 Tom.
263 2272 306 2319 II
323 2310 335 2332 ,
361 2288 471 2339 pag.
488 2279 598 2335 361.
619 2278 667 2321 &
684 2272 791 2320 alibi
809 2270 969 2337 paffim
987 2311 1000 2333 ,
1020 2272 1217 2322 affirmat
1232 2275 1371 2323 Sina-

98 2340 201 2389 rum
232 2339 474 2405 regionem
491 2377 504 2398 ,
535 2335 674 2387 sexies
698 2337 952 2387 Germania
977 2341 1202 2402 majorem
1227 2378 1240 2401 ,
1276 2356 1375 2388 tam

98 2407 267 2472 exiguo
306 2405 565 2453 incolarum
601 2422 794 2452 nurnero
834 2404 1146 2474 frequentari,
1184 2422 1231 2454 ut
1261 2404 1370 2454 licet

101 2470 358 2524 Germania
376 2509 390 2532 ,
416 2472 543 2533 juxta
568 2469 644 2519 Cl.
661 2469 902 2520 Suffmilch
915 2511 928 2530 ‚
957 2471 1121 2522 habeat
1138 2473 1370 2521 ducenties

99 2537 375 2607 quadragies
391 2538 585 2596 incolas,
598 2556 904 2599 24,000‚000‚
919 2539 1040 2589 Sinae
1057 2558 1155 2591 non
1173 2537 1372 2589 habeant

90 2619 394 2676 ,fluuigentres
423 2602 625 2672 sexagies
643 2642 657 2669 ,
689 2611 996 2671 56,000,0000
