1659 2917
281 127 746 169 ANNALIUM
794 108 964 168 L113.
1014 105 1149 173 XV.
1246 131 1359 192 235

91 208 383 294 regionem
431 209 892 288 Commagenam
913 242 934 279 9
977 212 1101 268 exin
1143 212 1365 293 Cappa·
1388 235 1582 274 Ξ

86 295 311 354 dociam
334 340 349 364 ‚
372 290 505 348 inde
529 289 831 348 Armenios
855 291 1067 372 petivit.
1103 295 1364 353 Comita-
1386 289 1435 329 Α·
1457 293 1504 331 U·
1526 294 1579 334 C.

88 379 290 437 bantur
313 374 617 434 exercitum
645 394 838 454 praeter
862 373 969 432 alia
997 374 1148 434 sueta
1171 377 1321 436 bello
1343 425 1361 450 ‚
1427 360 1534 412 8¹5·

85 483 293 542 magna
327 460 408 517 vis
443 454 790 515 camelorum
826 459 1017 516 onusta
1053 457 1322 519 frumenti
1344 509 1361 533 ‚
1449 463 1504 550 ’ω

85 565 146 604 ut
192 540 352 600 simul
396 542 610 599 hostem
660 536 989 622 famemque
1036 541 1361 624 depelleret.
1511 533 1530 563 ⁴

83 625 341 688 Primum
368 647 397 682 e
424 620 681 704 perculfis
713 625 965 683 Pactium
989 672 1005 696 ‚
1054 626 1223 708 primi
1264 627 1364 707 pili

84 709 473 770 centurionem
495 754 513 778 ‚
558 705 791 765 obvium
816 708 1011 766 habuit
1031 755 1047 780 ‚
1085 708 1218 768 dein
1249 710 1362 792 ple-

82 791 280 873 rosque
302 789 553 848 militum
575 813 586 847 ε
608 813 747 870 quos
767 790 1004 854 diversas
1019 789 1163 875 fugae
1181 792 1363 852 causas

81 874 488 944 obtendentes,
539 873 773 934 «redire
811 875 883 933 ad
919 875 1108 958 signa,
1156 885 1213 936 &
1253 876 1362 936 cle-

80 959 403 1018 nomentiam
439 956 571 1014 Paeti
609 959 891 1039 experiri»
917 960 1224 1018 monebat:
1256 958 1360 1019 etse

79 1042 226 1101 „nisi
274 1040 576 1099 victoribus
619 1040 908 1101 immitem
952 1040 1057 1102 effe
1075 1073 1133 1102 ω.
1179 1042 1359 1101 Simul

78 1125 195 1186 fuas
247 1124 494 1206 legiones
550 1121 702 1182 adire
734 1173 749 1197 ‚
800 1126 1009 1183 hortari
1036 1174 1052 1198 ‚
1103 1127 1357 1208 priorum

81 1209 387 1269 admonere
426 1255 442 1278 ‚
499 1227 706 1266 novam
757 1207 994 1289 gloriam
1046 1209 1355 1269 ostendere.

85 1320 121 1344 α
138 1293 269 1351 Non
294 1291 442 1348 vicos
462 1309 555 1346 aut
577 1289 783 1373 oppida
795 1291 1203 1351 Armeniorum
1223 1340 1239 1363 ‚
1257 1290 1356 1352 sed

74 1377 289 1435 meastra
311 1376 571 1433 Romana
595 1418 612 1442 ,
656 1371 900 1454 duasque
926 1375 985 1431 in
1009 1375 1074 1432 iis
1103 1375 1356 1458 legiones

72 1457 365 1540 :apretium
396 1454 598 1513 laboris
634 1456 765 1536 peti.
813 1458 868 1515 Si
904 1456 1131 1539 singulis
1168 1459 1359 1523 mani-f

73 1539 402 1622 :epularibus
438 1538 706 1620 praecipua
739 1539 938 1597 servati
973 1541 1107 1598 civis
1148 1564 1355 1600 corona

72 1621 478 1704 wimperatoria
534 1644 706 1680 manu
750 1619 1087 1681 tribueretur
1123 1670 1140 1694 ,
1197 1624 1353 1704 quod

74 1706 265 1765 millud
288 1714 345 1765 δε
371 1724 646 1786 quantum
668 1703 835 1764 decus
854 1752 871 1777 ,
917 1705 1015 1763 ubi
1036 1728 1132 1787 par
1153 1729 1351 1766 eorum

75 1812 386 1850 ”numerus
423 1786 816 1870 adipisceretur
847 1835 862 1859 ‚
910 1789 1008 1868 qui
1050 1788 1354 1850 attuliffent

73 1873 354 1933 aesalutem
375 1920 391 1944 ‚
418 1880 476 1931 &
499 1872 595 1952 qui
619 1869 949 1954 accepissent
967 1877 1031 1932 20?
1059 1874 1161 1933 His
1184 1894 1351 1955 atque

76 1957 277 2018 talibus
317 1957 376 2014 in
415 1978 721 2014 commune
765 1954 969 2015 alacres
993 2003 1009 2028 ,
1057 1961 1153 2033 (&
1196 1978 1355 2017 erant

75 2064 216 2125 quos
240 2038 483 2123 pericula
502 2037 738 2098 fratrum
757 2088 773 2112 ‚
797 2059 891 2098 aut
905 2041 1354 2122 propinquorum

74 2125 307 2209 propriis
338 2123 568 2183 stimulis
589 2123 995 2202 incenderent)
1018 2128 1352 2185 continuum

74 2209 175 2268 diu
201 2211 481 2288 noctuque
507 2208 614 2267 iter
635 2206 1023 2290 properabant.

159 2293 310 2350 XIII.
331 2292 374 2348 E
389 2313 425 2348 o
445 2314 485 2365 Q
499 2314 535 2350 u
551 2315 581 2350 E
605 2289 872 2350 intentius
891 2288 1201 2374 Vologeses
1225 2312 1353 2373 pre-⁷

73 2397 231 2436 mere
263 2372 500 2433 obseffos
521 2422 538 2447 ‚
582 2374 759 2434 modo
779 2373 991 2434 vallum
1014 2374 1306 2457 legionum
1324 2419 1346 2444 ,

75 2457 253 2517 modo
283 2456 566 2516 castellum
593 2507 609 2532 ‚
653 2482 767 2540 quo
804 2458 1049 2519 imbellis
1086 2478 1209 2516 aetas
1246 2456 1347 2515 de-

71 2540 426 2621 fendebatur,
445 2541 764 2629 adpugnare
779 2591 796 2619 ‚
814 2543 1038 2630 propius
1056 2540 1348 2623 incedens,

814 2695 845 2704 ο
