1659 2917
231 155 701 199 ANNALIUM
748 135 914 195 L113.
958 132 1118 197 XIV.
1220 127 1328 212 ¹39

0 263 13 311 ς-
57 231 206 298 ‘dum
227 234 481 307 Puteoli,
504 241 588 316 jus
611 231 842 291 coloniae
858 279 875 304 ‚
900 242 958 293 &
984 258 1335 317 cognomen-
1353 255 1550 297 Ξ

0 323 5 368 ἴ
67 341 190 381 tum
210 343 241 378 a
264 320 489 378 Nerone
512 315 903 399 adipiscuntur.
930 319 1199 377 Veterani
1222 321 1335 378 Ta·
1357 316 1406 354 A.
1427 316 1476 354 U·
1497 315 1553 356 C·

66 423 290 463 rentum
321 412 377 462 δε
397 401 638 461 Antium
660 398 917 481 adscripti
942 446 959 470 ,
1000 423 1114 458 non
1141 421 1330 461 tamen
1393 386 1511 496 {³¹35

64 484 452 567 infrequentiae
479 485 735 552 locorum
757 481 1061 542 subvenere
1077 531 1092 555 ,
1116 483 1332 566 dilapsis
1418 484 1477 568 {50
1498 483 1512 505 ⁹

66 569 312 654 pluribus
328 570 386 627 in
396 568 706 652 provincias
722 614 737 638 ,
760 567 819 624 in
841 566 1042 646 quibus
1066 567 1336 648 stipendia
1481 553 1498 578 ’

67 652 436 734 expleverant.
461 653 660 731 Neque
676 650 946 729 conjugiis
964 648 1338 729 suscipiendiS‚

68 757 255 816 neque
301 735 514 801 alendis
557 733 743 792 liberis
786 731 975 805 sueti,
1027 732 1188 791 orbas
1225 732 1339 794 fine

68 819 292 901 posteris
316 819 515 883 domos
548 814 966 896 relinquebant*
993 817 1126 874 Non
1151 817 1306 875 enim
1323 863 1343 889 ‚

68 922 131 962 ut
148 899 288 960 olim
306 950 322 974 ‚
346 902 476 960 univ
485 899 608 961 ersae
630 898 878 980 legiones
895 898 1344 972 deducebantur,

69 1007 201 1044 cum
255 985 488 1044 tribunis
531 993 589 1044 &
631 982 1047 1041 centurionibus
1090 1028 1106 1053 ‚
1159 990 1217 1042 δέ
1264 981 1346 1042 sui

69 1065 331 1149 cujusque
368 1068 578 1126 ordinis
619 1065 890 1123 militibus
913 1112 928 1136 ,
976 1085 1038 1124 ut
1074 1065 1342 1130 consensu

69 1160 128 1212 &
166 1153 391 1210 caritate
432 1148 836 1231 rempublicam
871 1145 1199 1226 efficerent3
1250 1147 1347 1208 sed

70 1234 253 1315 ignoti
284 1235 429 1293 inter
456 1231 509 1293 se
535 1281 552 1305 ‚
596 1230 818 1291 diversis
850 1232 1145 1312 manipulis
1174 1279 1191 1303 ‚
1230 1230 1344 1293 fine

70 1321 283 1376 restore
308 1363 324 1388 ,
365 1316 476 1375 fine
509 1313 794 1375 affeoffibus
824 1316 1029 1373 mutuis
1052 1362 1069 1386 ,
1105 1314 1254 1396 quasi
1279 1339 1346 1376 ex

68 1401 180 1461 alio
219 1422 424 1482 genere
454 1398 782 1457 mortalium
813 1399 1039 1479 repente
1076 1398 1135 1456 in
1165 1421 1346 1458 unum

70 1483 327 1560 colle&i3
367 1505 630 1542 numerus
657 1482 832 1564 magis
851 1528 867 1552 ,
904 1481 1077 1563 quam
1105 1481 1345 1542 colonia.

150 1568 425 1628 XXVIII.
444 1569 727 1625 COMITIA
757 1585 1083 1645 praetorum,
1113 1565 1345 1623 arbitrio

67 1646 285 1709 senariis
305 1649 498 1708 haberi
520 1648 678 1706 solita
692 1696 708 1719 ‚
728 1647 884 1728 quod
902 1648 1112 1708 acriore
1131 1647 1350 1706 ambitu

72 1731 380 1792 exarserant
417 1779 433 1803 ‚
482 1732 741 1810 Princeps
787 1729 1100 1812 composuit
1129 1778 1145 1802 ‚
1190 1751 1298 1789 tres
1325 1776 1345 1801 ,

73 1817 172 1897 qui
217 1814 375 1896 supra
420 1837 721 1872 numerum
769 1813 1034 1893 petebant
1064 1860 1080 1885 ‚
1133 1812 1347 1894 legioni

71 1897 439 1980 praeficiendo.
472 1897 756 1976 Auxitque
777 1916 999 1978 patrum
1023 1897 1301 1955 honorem
1325 1941 1345 1968 ,

75 1981 365 2042 statuendo
389 2028 405 2054 ‚
434 2001 544 2039 <tut
563 2027 580 2051 ,
622 1980 719 2060 qui
750 2003 782 2037 a
849 1979 1034 2050 rivatis
1066 1978 1348 2060 judicibus

71 2064 190 2126 :aad
207 2065 460 2126 senatum
486 2002 923 2147 provocavisspent
939 2109 956 2133 ‚
979 2061 1229 2144 ejusdem
1253 2084 1350 2143 pe-

73 2150 289 2208 :ocuniae
312 2147 620 2230 periculum
646 2143 893 2205 facerent
914 2192 931 2216 ,
965 2153 1117 2226 cujus
1137 2146 1178 2204 ii
1198 2193 1214 2217 ‚
1250 2145 1351 2226 qui

75 2235 526 2313 »Imperatorem
552 2228 897 2312 appellavere
916 2257 949 2282 ιο
979 2253 991 2286 :
1022 2252 1155 2287 nam
1185 2248 1351 2287 antea

79 2338 317 2376 vacuum
365 2313 426 2373 id
463 2363 479 2387 ‚
533 2312 887 2393 solutumque
937 2311 1101 2395 poena
1149 2309 1347 2370 fuerat.

78 2400 211 2458 Fine
233 2398 363 2458 anni
385 2397 588 2458 Vibius
612 2396 894 2457 Secundus
909 2441 925 2466 ‚
949 2417 1117 2477 eques
1140 2395 1353 2454 Roma-

79 2505 184 2542 nus
211 2529 227 2554 ‚
273 2478 648 2540 accusantibus
700 2478 918 2540 Mauris
951 2525 968 2551 ‚
1015 2477 1350 2559 repetunda-

82 2587 209 2633 tum
232 2564 527 2626 damnatur
545 2610 564 2639 ,
593 2582 761 2646 atque
791 2560 951 2625 ltalia
979 2562 1244 2646 exigitur,
1278 2578 1366 2640 neg
