1637 2917
349 149 808 194 'ANNAMUM
867 129 1132 191 NoTAE.
1257 150 1375 206 429

52 260 55 263 ·
96 232 153 286 ‘1d
178 250 321 302 genus
341 270 354 292 ,
391 248 588 299 quorum
615 230 827 298 frequens
853 235 903 280 in
926 233 1147 280 veteribus
1177 231 1382 299 Inscrip-

110 301 306 351 tionibus
343 299 583 345 memoria.

146 367 150 371 ’
177 362 450 431 Ministeria.
482 361 581 426 Qui
603 361 784 409 littores
802 399 816 421 ‚
852 362 1045 411 viatores
1071 402 1083 423 ‚
1115 381 1368 428 praecones,

8 490 14 497 ι
111 431 299 499 aliisque
320 429 482 478 officiis
505 437 549 477 &
571 428 832 476 nominibus
853 466 865 488 ‚
904 444 999 477 tum
1022 431 1370 497 magistratibus,

0 512 2 517 '
47 527 53 533 ·
114 515 212 548 tum
235 496 536 545 sacerdotibus
563 494 888 543 ministrabant.

184 562 401 613 Cohortes
431 563 569 611 etiam
600 562 647 610 in
671 560 808 611 Urbe.
843 559 1060 624 Proprius
1090 566 1213 611 enim
1244 563 1390 613 Urbis

117 631 248 681 miles
271 668 284 691 ‚
321 630 378 677 de
409 646 503 696 quo
535 626 666 694 supra
700 627 874 675 Annal.
911 626 997 686 IV,
1035 643 1076 685 5.
1126 629 1261 678 Adde
1294 631 1392 681 VII

120 697 332 747 cohortes
363 695 576 762 Vigilum
595 733 607 754 ‚
645 692 970 760 restinguendis
997 695 1219 744 incendiis
1246 714 1395 764 agen-

123 762 200 812 dis
225 781 280 810 ue
311 763 548 808 nostin-nis
584 760 749 825 vigiliis
781 761 1057 808 constitutas.

187 781 467 878 {ibertatem
500 825 549 875 in
577 824 797 874 communi
823 825 1018 890 p-ofitzsse.
1049 826 1275 877 Libertini
1297 828 1397 877 adi-

121 893 409 962 piscebantur
425 892 694 940 libertatem.
716 890 824 939 Hac
841 894 892 939 in
911 909 959 939 re
975 910 1060 956 par
1077 896 1397 944 libertinorum

126 963 499 1027 &ingenuorum
519 958 737 1007 conditio.
758 958 871 1006 Inde
893 958 1071 1008 libertas
1089 963 1138 1009 in
1160 964 1400 1010 communi

123 1026 289 1094 pofita.

194 1090 558 1142 Manumittendi
582 1089 904 1157 duat-species.
926 1090 1138 1155 Quarum
1164 1093 1304 1142 altera
1328 1092 1403 1142 so-

126 1160 321 1219 lemnis,
358 1159 498 1208 altera
536 1161 726 1223 privata.
770 1158 1131 1206 Illamanumiffi
1148 1159 1404 1209 libertatem

129 1232 177 1273 δε
207 1227 431 1273 civitatem
454 1264 466 1285 ‚
504 1223 578 1272 seu
606 1226 704 1286 jura
734 1226 921 1273 civitatis
948 1263 961 1285 ,
995 1222 1404 1292 consequebantur.

129 1290 238 1339 Hac
267 1291 456 1339 dabatur
480 1308 668 1359 quoque
686 1291 866 1339 libertas
887 1311 897 1338 ε
935 1306 980 1339 at
1002 1292 1182 1339 nullum
1202 1295 1270 1356 jus
1292 1296 1406 1341 civi-

130 1359 231 1406 tatis
257 1376 272 1419 3
304 1355 446 1424 iisque
468 1396 481 1417 ‚
513 1359 591 1424 qui
616 1359 680 1405 ita
699 1357 1134 1405 manumittebantur
1154 1396 1166 1417 ,
1194 1377 1255 1406 ne
1277 1359 1406 1408 licuit

130 1422 318 1491 quidem
349 1424 510 1470 testari.
551 1422 911 1490 Relinquebatur
943 1440 1056 1490 ergo
1088 1427 1372 1488 poenitentiae
1391 1463 1408 1487 ,

132 1506 210 1539 aut
237 1507 364 1537 novo
395 1488 620 1537 beneficio
643 1490 814 1549 locus3
847 1488 954 1536 cum
981 1505 1203 1554 patronus
1237 1509 1409 1539 manu-

96 1555 314 1613 ·miss'um
347 1555 523 1620 privata
562 1553 711 1619 specie
741 1593 755 1614 ,
803 1554 862 1601 ad
901 1555 1151 1602 commoda
1192 1554 1412 1606 solemnis

135 1620 496 1671 manumiffionis
523 1619 670 1685 posset
689 1638 980 1685 promovere.
1009 1621 1239 1669 Solemnis
1260 1640 1413 1672 autem

137 1705 233 1737 erat
255 1685 543 1735 manumiffio
568 1725 581 1746 ‚
614 1704 715 1754 quae
750 1685 950 1735 vindie'oei
987 1685 1121 1735 fiebat
1147 1706 1162 1749 3
1194 1691 1371 1752 privata
1399 1727 1415 1751 ‚

139 1772 240 1823 quae
259 1771 342 1820 per
362 1754 603 1819 epistolam
624 1791 637 1814 ,
667 1768 743 1800 aut
758 1755 877 1801 inter
895 1754 1068 1801 amicos
1088 1792 1102 1815 ‚
1130 1756 1274 1802 autin
1295 1773 1417 1804 con-

138 1823 277 1870 Vivio.

209 1886 341 1954 Quos
361 1884 580 1935 νὶηᾱὶέῖα.
622 1884 916 1933 Manumiffio
940 1884 1141 1932 vindista
1162 1885 1259 1936 fieri
1291 1887 1417 1935 dice⁴

140 1956 300 2013 batur,
339 1951 467 2018 quod
503 1950 650 1998 servus
677 1990 689 2010 ‚
725 1968 884 1998 coram
927 1951 1077 2012 judice
1101 1990 1114 2011 ,
1154 1954 1202 2000 in
1248 1971 1417 2020 gyrum

142 2020 467 2078 circumaGtus,
499 2015 709 2082 percuffo
744 2019 921 2080 capite,
949 2018 1216 2085 inflistaque
1248 2020 1414 2085 alapa,

112 2085 117 2090 ⁵
143 2087 548 2137 manumitteretur.
589 2082 703 2131 Inde
727 2082 936 2130 vindie’cae
955 2101 1147 2132 nomen.

215 2150 353 2202 Velut
401 2148 580 2199 vinculo
617 2148 874 2214 servitutis.
958 2148 1164 2198 Vinculo
1216 2152 1420 2219 quodam

150 2217 367 2270 servitutis
403 2215 706 2264 attinebantur
743 2217 823 2283 qui
866 2214 1065 2263 vindiaa
1102 2234 1201 2264 non
1241 2217 1423 2267 fuerant

150 2281 406 2335 manumissi
428 2321 440 2342 ‚
480 2281 583 2330 cum
611 2300 696 2330 nec
726 2283 796 2345 jus
827 2283 1017 2330 civitatis
1047 2281 1265 2333 haberent
1288 2323 1301 2345 ,
1334 2303 1425 2333 neu

161 2353 308 2401 testari
340 2348 550 2416 possent,
587 2350 635 2395 ni
658 2345 818 2414 postea
845 2363 1066 2413 patronus
1091 2349 1138 2397 id
1164 2349 1426 2400 indulsisset.

158 2417 296 2481 Pejor
332 2415 480 2465 adhuc
518 2413 788 2462 deditior-um
830 2414 1143 2463 libertinorum
1184 2417 1387 2465 conditio
1409 2454 1425 2476 ‚

192 2502 258 2534 uae
295 2502 321 2532 a
362 2481 507 2530 servili
543 2499 707 2547 parum
746 2479 992 2529 differebat.
1033 2481 1156 2531 Vide
1199 2482 1424 2530 eruditum

153 2503 462 2602 {Ieineccium
477 2587 490 2610 ‚
515 2547 743 2616 Antiquit.
761 2547 960 2598 Roman.
978 2546 1008 2602 J
1011 2546 1230 2615 urisprud.
1248 2549 1270 2596 1
1288 2585 1302 2610 ‚
1325 2546 1426 2596 Tit.
