1637 2917
243 159 365 226 404
429 153 510 210 IN
553 151 850 211 LumuM
894 171 1404 213 nuonrcxMuM

310 248 546 315 Deceptus
580 251 643 298 est
683 268 853 316 nempe
891 250 967 299 Cl.
999 252 1067 299 vir·
1101 253 1206 300 acto
1239 250 1518 301 familiarum

245 314 503 363 Sinenfium
528 314 680 372 ‘censu
716 356 730 379 ,
777 315 883 365 crim
918 316 1099 365 Tartari
1136 316 1323 366 Sinense
1354 316 1519 367 solium

247 398 530 447 occupavere
553 380 783 448 superiore
808 381 967 431 saeculo
993 422 1005 442 ‚
1036 400 1162 431 anno
1199 392 1336 442 1644.
1377 383 1518 431 Tunc

247 464 495 496 numeratae
524 445 624 497 sunt
650 447 831 497 familiae
858 467 874 495 1
891 453 1158 509 1‚052,872.
1195 447 1428 514 Opinatus
1455 450 1520 496 est

246 512 441 562 familias
466 515 565 562 illas
585 553 598 575 ,
622 530 669 562 ut
688 517 860 562 nostras
881 553 893 573 ,
925 531 1036 580 quas
1058 514 1247 562 dicimus
1274 513 1352 562 des
1363 513 1481 575 feux
1500 553 1520 576 ‚

246 578 361 642 juste
377 581 582 631 aestimari
600 579 630 626 fi
647 598 859 628 numerus
880 579 1157 627 familiarum
1178 598 1260 644 per
1278 598 1527 628 numerum

250 662 294 706 5.
330 646 718 711 multiplicaretur.
763 645 871 709 Qua
905 646 1286 709 multiplicatione
1322 645 1524 694 confecit

248 711 372 777 apud
401 711 532 760 Sinas
555 727 649 761 tum
671 711 797 760 fuisse
821 709 996 760 tantum
1014 712 1191 761 incolas
1216 727 1318 772 55,2
1330 720 1523 775 64,360-

311 777 376 825 At
402 777 477 826 CI.
504 780 569 827 vir
603 796 701 825 non
737 777 924 826 attendit
955 775 1165 825 Sinenses
1197 776 1391 826 familias
1418 793 1524 825 non·

249 844 459 892 aestimar'i·
480 882 493 904 ‚
524 859 571 892 ut
602 846 774 892 nostras
799 861 882 908 per
913 860 1152 891 numerum
1183 859 1231 903 5,
1261 842 1335 891 sed
1365 841 1524 892 saltem

247 926 333 975 per
374 926 617 958 numerum
663 919 721 969 6,
764 923 810 956 ut
845 910 1018 956 constat
1054 925 1108 956 ex
1142 910 1294 957 multis
1346 910 1520 957 Sinen-

248 974 360 1022 fium
383 975 582 1023 censibus
607 977 683 1042 qui
707 975 899 1024 familias
925 980 969 1021 δε
989 973 1203 1038 personas
1225 978 1487 1040 exprimunt
1505 1000 1526 1036 ‚-

250 1047 296 1087 &
330 1043 588 1106 complures
623 1040 805 1088 familiae
840 1058 1086 1087 numerum
1120 1041 1250 1087 illum
1282 1042 1527 1090 excedunt-2

248 1106 340 1154 Sed
372 1108 692 1172 multiplicatio
735 1106 811 1154 fiat
843 1104 1018 1154 tantum
1062 1124 1145 1171 per
1178 1124 1417 1154 numerum
1458 1115 1519 1168 6,

249 1172 345 1235 jam
382 1171 592 1220 censendi
623 1170 721 1220 sunt
749 1171 957 1221 Sinenses
985 1173 1150 1220 incolae
1184 1179 1490 1236 66‚317‚232.

316 1237 536 1288 Praeterea
557 1240 684 1287 latuit
705 1237 779 1286 Cl.
799 1241 943 1286 virum
964 1238 1097 1286 iuliis
1117 1238 1376 1286 Sinenfibus
1406 1256 1522 1286 cen-
1566 1260 1568 1262 ’

251 1302 366 1351 fibus
402 1324 501 1353 non
535 1306 765 1353 numerari
796 1307 1005 1353 mulieres
1034 1344 1046 1365 ,
1084 1322 1181 1351 non
1209 1306 1524 1355 numerari‘li'-

252 1369 383 1418 beros
426 1370 507 1419 nifi
547 1371 603 1419 ab
650 1389 774 1418 anno
818 1373 955 1419 aetatis
1003 1371 1090 1418 suae
1137 1370 1482 1437 quintodecimo
1507 1409 1525 1434 ,
1592 1383 1596 1387 '

249 1452 349 1482 non
391 1438 622 1485 numerari
660 1434 784 1483 senes
823 1437 880 1483 ab
925 1454 1050 1483 anno
1091 1438 1226 1483 aetatis
1265 1435 1353 1483 suae
1389 1435 1521 1485 sexa-

249 1501 430 1565 gefimo
451 1542 464 1563 ,
507 1520 605 1550 non
642 1505 872 1549 numerari
907 1502 1070 1549 milites
1099 1539 1111 1560 ,
1153 1512 1250 1548 non
1291 1505 1521 1551 numerari

246 1567 581 1627 Mandarinos,
622 1585 719 1613 non
753 1568 1220 1622 numerari,literatos
1243 1604 1257 1626 ,
1297 1582 1393 1614 non
1429 1586 1520 1615 nu-

244 1635 408 1681 merari
425 1635 590 1698 inopes
616 1639 661 1680 δε
688 1633 859 1680 morbis
883 1631 1108 1680 invalidos
1130 1670 1142 1690 ,
1167 1649 1265 1679 non
1288 1635 1521 1682 nume-rari

243 1697 495 1763 Principes.
556 1697 655 1763 Qui
693 1717 856 1746 omnes
894 1697 926 1745 fi
964 1714 1320 1755 annumerentur
1342 1738 1356 1760 ,
1397 1699 1520 1747 Sinae

245 1764 417 1813 habent
453 1764 604 1825 certe,
647 1781 694 1813 ut
729 1768 823 1829 jam
857 1767 1020 1813 monui
1054 1765 1228 1813 circiter
1259 1764 1324 1813 bis
1355 1765 1522 1814 millies

245 1831 421 1893 incolas
438 1869 450 1890 ,
485 1850 827 1891 200‚000‚000.

312 1895 367 1943 In
387 1895 575 1962 Europa
593 1897 702 1945 vero
719 1936 738 1960 ‚,
755 1914 803 1947 ut
821 1895 1069 1963 plurimum
1083 1936 1097 1959 ,
1119 1914 1416 1947 numerantur
1440 1900 1520 1947 iri-⁴

246 1964 360 2010 colae
397 1981 733 2026 13o‚000,000.
772 1965 934 2012 Manet
967 1982 1089 2030 ergo*
1109 1980 1280 2013 certum
1306 1971 1350 2011 ὃς
1378 1965 1520 2012 indu—-

244 2028 436 2076 bitatum
456 2026 706 2077 maximam
721 2028 810 2077 effe
829 2029 951 2093 apud
969 2030 1048 2077 Sin
1056 2047 1101 2076 as
1118 2029 1519 2111 populi-frequen-

245 2095 356 2141 tiam
378 2132 390 2154 ,
428 2109 566 2161 atque
598 2097 734 2142 etiam
765 2096 990 2157 majorem
1018 2109 1114 2141 non
1138 2092 1281 2141 modo
1308 2112 1446 2162 quam
1467 2098 1520 2144 in

244 2159 499 2207 Germania
515 2198 528 2218 ,
557 2176 602 2207 at
620 2177 806 2226 quoque
822 2177 961 2226 quam
983 2162 1031 2207 in
1053 2160 1145 2209 tota
1164 2158 1352 2226 Europa
1369 2200 1383 2223 ,
1415 2172 1519 2230 q-'uae

244 2239 398 2273 tamen
418 2227 481 2272 est
504 2226 625 2273 Sinis
647 2224 790 2273 multo
816 2228 1029 2290 amplior.

261 2310 263 2312 ¹
306 2289 548 2339 Hactenus
584 2297 627 2338 δε
661 2294 835 2340 veritati
868 2298 914 2338 &
950 2291 1192 2340 curiositati
1227 2289 1519 2353 consultum,·

244 2367 370 2404 nunc
392 2357 720 2421 consulendum
750 2357 942 2423 publicae
968 2360 1146 2406 utilitati
1170 2396 1182 2418 ,
1221 2374 1361 2424 quam
1388 2355 1518 2422 spec-

245 2435 346 2470 tares
363 2422 528 2471 debent
550 2421 645 2471 sani
678 2423 892 2491 cujusque
921 2422 1121 2472 hominis
1143 2423 1302 2472 studia.
1345 2421 1517 2472 Causas

244 2502 366 2555 ergo
388 2504 521 2538 tantae
551 2489 674 2555 apud
705 2490 838 2538 Sinas
868 2491 1034 2555 populi
1066 2489 1331 2556 frequentiae
1359 2490 1518 2555 inqui-

243 2571 411 2602 ramus.
443 2555 665 2622 ‘Aliquas
731 2556 884 2603 uidem
926 2557 1073 2605 attulit
1119 2555 1170 2603 P.
1208 2556 1289 2604 Du
1325 2552 1520 2617 Halde‚

243 2618 542 2686 Description
572 2619 626 2672 de
653 2620 689 2672 Γ
736 2621 875 2686 mpire
906 2619 959 2671 de
988 2621 1035 2672 [α
1058 2620 1204 2672 Chiae
1223 2658 1242 2684 ‚
1273 2615 1416 2671 Tom.
1437 2621 1483 2670 Π
1497 2660 1520 2689 ,
