1637 2917
206 111 678 158 ANNAMUM
727 98 895 157 LIB.
933 99 1096 161 XVI.
1205 121 1320 176 317

24 443 282 514 tribunal
317 444 608 506 consulum
630 495 646 520 ‚
684 446 906 529 grandis
937 469 1052 505 aevo
1077 470 1272 531 parens
1294 498 1311 523 ,

31 564 35 573 ·
73 529 231 587 ontra
247 528 359 589 filia
372 531 516 589 intra
537 530 864 589 vicesimum
885 531 1055 590 aetatis
1080 555 1314 606 annum,

28 602 214 691 ”super
242 615 446 672 marito
469 613 662 672 Annio
699 614 955 672 Pollione
980 614 1038 672 in
1065 613 1318 674 exsilium

25 670 65 766 l)
115 693 192 753 lso
210 744 226 768 ,
256 697 480 755 viduata
505 696 891 778 desolataque3
917 721 978 755 ac
1003 719 1074 756 ne
1097 718 1317 780 patrem

51 778 271 837 uidem
300 781 522 839 intuens
546 827 562 852 ,
605 788 757 861 cujus
787 779 1034 839 oneraffe
1072 781 1318 861 pericula

72 859 349 923 idebatur.

121 945 344 1005 XXXI.
369 947 465 1003 Tu
482 970 530 1004 M
559 947 940 1028 interrogante
961 946 1273 1010 accusatore
1293 964 1318 1023 ;

26 1022 32 1080 ἶ
54 1067 64 1097 3
87 1049 158 1085 an
182 1028 359 1088 cultus
385 1028 599 1089 dotales
622 1078 639 1102 ,
669 1054 738 1088 an
771 1030 1085 1090 detractum
1110 1034 1313 1092 cervici

26 1099 34 1148 3
58 1111 290 1185 ‘monile
311 1161 327 1185 ‚
355 1135 563 1173 venum
585 1111 852 1185 dedisset,
877 1117 991 1194 quo
1012 1117 1311 1196 pecuniam

51 1189 345 1255 faciendis
393 1196 622 1277 magicis
668 1195 826 1255 sacris
875 1198 1229 1258 contraheret
1245 1205 1313 1259 »ἲ

30 1276 278 1335 utimum
320 1280 481 1337 strata
522 1278 683 1338 humi
706 1327 723 1351 ‚
768 1278 1053 1361 longoque
1089 1281 1223 1341 fletu
1252 1291 1311 1343 ὃς

30 1348 35 1401 ἶ
71 1357 245 1420 lentio
265 1408 282 1433 ,
320 1363 438 1444 post
460 1409 477 1434 ,
508 1360 701 1421 altaria
725 1370 783 1421 &
808 1385 961 1421 aram
986 1364 1309 1447 complexa:

31 1503 35 1514 Α,
78 1442 368 1518 -Nullosae‚
395 1445 583 1526 inquit
603 1495 621 1520 ,
652 1475 685 1498 α
701 1446 906 1530 impios
930 1447 1065 1508 deos
1087 1496 1105 1520 ,
1126 1448 1307 1509 nullas

34 1524 51 1571 '.
70 1521 398 1589 devotiones
417 1576 435 1602 ‚
478 1551 582 1588 nec
624 1529 778 1588 aliud
819 1528 1141 1593 infelicibus
1182 1556 1306 1613 pre-

45 1610 222 1671 -cibus
246 1612 534 1684 invocavi,
558 1612 731 1693 quam
755 1631 818 1672 ut
844 1609 991 1672 hunc
1016 1614 1304 1695 optimum

66 1715 286 1778 patrem
309 1742 327 1768 ,
367 1716 463 1767 tu,
505 1694 722 1768 Caesar,
761 1719 897 1769 VOS,
937 1717 1151 1779 patres,
1191 1698 1305 1759 ser-

67 1779 266 1838 varetis
309 1778 676 1839 incolumem.
749 1780 835 1837 Sic
889 1803 1143 1862 gemmas
1170 1829 1188 1854 ,
1241 1791 1301 1843 δε

64 1863 234 1923 vestes
251 1910 268 1936 ‚
300 1870 358 1922 &
382 1863 670 1945 dignitatis
696 1861 933 1946 infignia
959 1863 1093 1923 dedi
1113 1913 1130 1938 ‚
1161 1888 1303 1945 quo-

30 1966 48 1991 ἰ
64 1944 242 2009 modo
268 1992 286 2017 ‚
329 1944 367 2003 fi
388 1944 718 2029 sanguinem
742 1955 801 2006 &
822 1946 996 2006 vitam
1020 1947 1301 2031 poposcis-

44 2051 64 2102 j
87 2050 198 2089 ent.
221 2028 490 2091 Viderint
512 2031 595 2089 isti
614 2079 632 2105 ‚
660 2030 893 2090 antehac
916 2032 1060 2090 mihi
1085 2032 1298 2115 ignoti,

45 2135 178 2196 quo
198 2113 431 2175 nornine
461 2113 567 2174 fint
584 2162 600 2188 ,
641 2137 776 2197 quas
801 2134 940 2175 artes
968 2139 1258 2176 exerceant
1283 2142 1297 2176 ε

62 2195 216 2256 nulla
255 2197 398 2254 mihi
429 2198 698 2280 Principis
731 2199 949 2258 mentio
969 2245 988 2271 ,
1023 2199 1297 2260 nisiinter

36 2279 297 2353 ,numina
329 2277 452 2340 fuit.
498 2280 688 2342 Nescit
723 2304 916 2342 tamen
952 2282 1295 2344 miserrimus

35 2382 217 2446 pater
240 2388 253 2422 ε
287 2372 345 2423 &
367 2363 406 2422 fi
432 2365 647 2425 crimen
675 2368 750 2425 est
770 2414 787 2439 ‚
822 2364 938 2424 sola
963 2366 1250 2448 deliqui».

97 2447 346 2506 XXXII.
386 2450 726 2523 LoQUEan
769 2449 950 2509 adhuc
987 2451 1157 2510 verba
1196 2473 1292 2509 ex-

67 2529 152 2611 ,pit
175 2531 409 2591 Soranus
423 2578 441 2605 ,
466 2532 920 2615 proclamatque:
945 2535 990 2585 εἷ
995 2557 1109 2591 non
1131 2532 1302 2599 illam*

963 2619 1021 2676 o
1067 2617 1126 2694 iij

45 186 369 280 inplacabilis
413 199 566 256 Nero
605 243 621 269 ,
681 221 752 256 an
803 199 1053 279 cognitio
1101 198 1534 265 senatfisffiz
1614 251 1622 263 x

17 294 22 322 ³
65 280 226 338 nihil
261 301 415 339 atrox
454 278 770 339 adferret».
815 283 993 362 Igitur
1033 284 1207 341 accita
1242 286 1317 342 est
1342 279 1392 319 A.
1413 284 1462 320 U·
1482 283 1534 322 C·

48 362 102 424 'n
145 360 399 422 senatum
438 410 454 435 ,
512 365 889 444 steteruntque
937 363 1134 423 diversi
1184 387 1311 426 ante
1373 353 1490 465 ³⁸¹2·

1403 495 1484 545 66,
