1637 2917
4 119 16 155 -,,
0 0 42 110 ›,‚⁴‚“2

26 25 38 68 sn-

304 111 775 181 ANNAmuM
836 123 1112 183 NOTAE.'
1245 144 1370 205 395

90 216 366 270 Ammianus
388 219 685 268 Marcellinus
712 218 866 280 XVI,
897 241 941 268 2.
981 221 1121 288 Quod
1139 223 1368 286 profiter-iri

3 297 34 353 ζ’
88 286 299 342 Julianus
332 285 657 335 anhelantibus
683 288 888 334 extrema
915 290 1113 347 penuria
1144 290 1324 341 Galliis
1343 332 1366 355 ,

0 406 30 413 ,K
87 353 194 404 hinc
221 354 418 403 maxime
450 353 595 402 claret
614 391 627 414 ,
663 350 778 417 quod
803 352 1017 412 primitus
1037 393 1052 414 ‚
1092 371 1252 415 partes
1281 374 1364 406 eas

4 422 28 478 ι’
86 420 342 487 ingreffits,
380 436 463 482 pro
495 417 723 481 capitibus
743 415 952 484 singulis
986 419 1146 469 tributi
1181 425 1365 475 nomine

83 487 272 537 vicenos
285 486 446 553 quinos·
463 501 626 536 aureos
641 525 655 547 ,
679 483 872 534 Gallicae
887 502 1083 535 monetae
1102 488 1236 537 libras
1255 508 1365 554 327,

5 558 33 610 ζ’
83 552 256 614 reperit
267 551 492 620 flagitari
510 575 525 601 .·
555 549 786 617 discedens
805 552 1130 616 verdseptenos
1148 558 1328 605 tantam
1347 596 1366 619 ,

89 618 287 668 Gallicae
306 635 503 668 monetae
525 619 660 667 libras
678 635 736 676 91
757 656 772 679 ,
804 634 992 666 munera
1012 619 1220 684 universa
1248 639 1366 672 com-

0 680 12 730 21'7
84 684 268 748 plentes
285 725 301 749 ‚
337 685 388 734 ob
409 702 506 750 quae
535 700 764 749 tamquam
780 683 933 733 Solem
934 683 1032 750 fibi
1045 686 1259 748 sterenum
1273 688 1369 752 post

0 743 11 755 ’Ἴ
72 751 345 818 [ᾳιιαῖεητεε
384 750 597 800 tenebras
634 749 839 817 affuffiffe
877 766 978 801 cum
1021 750 1270 802 alacritate
1314 754 1373 812 Cr,

5 818 8 822 ’
89 816 305 879 tripudiis
339 815 638 866 laetabantar.

152 883 204 932 Si
237 884 336 950 quis
379 900 532 931 autem
570 883 763 932 voluerit
803 880 913 931 scire
951 897 1176 997 quantum
1216 884 1372 935 tributi

89 947 356 1017 persolverit
392 948 580 1011 Gallia,
617 966 723 998 ante
762 966 868 997 uam
899 948 959 1002 Ju
980 968 1108 999 ianus
1142 950 1293 1001 Caesar
1317 954 1371 1001 in

89 1033 196 1065 earn
223 1018 396 1065 veniret
425 1034 552 1064 anno
574 1013 678 1069 Jesu
702 1016 744 1065 C
781 1017 871 1064 risti
894 1025 986 1079 356
1005 1056 1018 1078 ‚
1044 1017 1166 1065 haud
1184 1018 1374 1067 difficile

91 1084 156 1132 est
178 1082 409 1147 duplicem
437 1085 553 1130 inire
582 1085 993 1149 computationem.
1046 1084 1228 1132 Scilicet
1258 1083 1290 1132 si
1319 1087 1373 1134 in

91 1147 250 1198 Gallia
267 1165 375 1198 tunc
392 1149 552 1198 eadem
566 1148 649 1198 fuit
662 1150 829 1216 populi
846 1147 1116 1215 frequentia,
1129 1168 1229 1218 quae
1245 1168 1373 1200 nunc

90 1216 186 1276 est,
219 1221 264 1263 &
297 1233 397 1284 quae
418 1256 430 1276 ,
464 1217 657 1265 minima
691 1220 1070 1281 computatione,
1114 1234 1372 1280 3‚5oo,000

92 1282 316 1347 capitibus
353 1283 627 1331 tributorum
654 1321 667 1344 ‚
702 1281 845 1350 vulgo
884 1283 1018 1331 nobis
1051 1281 1181 1332 Feax
1204 1323 1216 1343 ,
1253 1285 1374 1332 aesti-

90 1348 264 1397 manda
281 1349 344 1396 est
360 1387 372 1409 ,
392 1365 499 1397 tunc
520 1348 680 1398 Gallia
699 1350 916 1397 tributum
935 1347 1152 1414 persolvit
1176 1349 1374 1398 Gallicae

90 1430 291 1463 monetae
306 1415 526 1463 librarum
545 1431 930 1477 1,o94,5oo,000.
948 1415 1000 1464 N
1003 1433 1053 1465 ec
1068 1417 1237 1465 mirum
1249 1417 1375 1465 tanta

88 1483 333 1532 exaffione
371 1480 550 1530 Gallias
591 1481 651 1529 ad
684 1498 936 1531 extremam
968 1485 1212 1548 penuriam
1245 1481 1376 1531 fuiffe

91 1547 313 1598 redactas.
350 1546 416 1596 At
437 1587 452 1609 ‚
494 1564 542 1595 ut
571 1548 686 1595 mihi
715 1563 1005 1614 compertum
1034 1550 1096 1596 est
1127 1548 1376 1598 certislimis

93 1612 289 1663 Gallicae
320 1615 599 1679 antiquitatis
629 1617 969 1674 monumenti3‚
1003 1613 1202 1662 multum
1222 1615 1378 1664 aberat

93 1695 144 1727 ut
162 1678 452 1728 acerbissimis
469 1681 522 1727 iis
544 1679 824 1745 temporibus
844 1681 1004 1728 eadem
1022 1679 1140 1729 foret
1154 1683 1203 1730 in
1220 1680 1378 1730 Gallia

93 1746 262 1812 populi
298 1744 553 1813 frequentia
597 1763 739 1812 quam
775 1764 900 1796 nunc
938 1746 1144 1798 videmus
1173 1786 1186 1807 ,
1228 1749 1379 1795 immo

92 1815 168 1860 vix
190 1828 352 1880 quarta
377 1827 471 1860 erat
489 1813 657 1878 populi
677 1851 688 1873 ,
714 1830 816 1880 quae
838 1830 963 1862 nunc
989 1814 1050 1860 est
1071 1851 1083 1872 ‚
1108 1817 1338 1880 quantitas
1362 1833 1379 1877 3

94 1884 142 1925 &
170 1893 326 1926 tamen
353 1878 503 1927 adhuc
524 1878 652 1928 Galli
677 1878 998 1945 persolvebant
1022 1879 1237 1927 tributum
1259 1879 1382 1928 Gal-

90 1945 192 1993 licae
210 1945 375 1992 nostrae
393 1962 592 1993 monetae
612 1945 831 1994 librarum
861 1953 1205 2009 273‚625‚000.
1233 1944 1384 2009 Quod

132 2008 239 2058 uam
268 2009 318 2059 fit
351 2010 670 2076 portentosum
702 2014 751 2059 in
791 2013 843 2060 ea
876 2014 1105 2079 paucitate
1134 2011 1383 2062 hominum

95 2027 232 2126 {mne
267 2077 329 2125 est
358 2079 499 2126 cuivis
533 2079 811 2144 intelligere.

23 2205 25 2207 ι
163 2141 319 2210 AEque
343 2142 476 2192 facile
504 2145 774 2211 intelligitur
805 2143 1055 2193 Gallorum
1087 2142 1279 2194 felicitas
1306 2143 1384 2194 sub

26 2227 31 2261 ῃ
98 2207 290 2263 Juliano
317 2208 512 2259 Caesare.
550 2211 607 2259 In
632 2211 795 2259 eadem
820 2213 946 2259 enim
965 2249 978 2271 ,
1013 2228 1114 2278 quae
1137 2230 1262 2260 nunc
1287 2213 1349 2260 est
1370 2250 1383 2273 ‚

24 2288 32 2322 ‘2
101 2277 271 2342 populi
302 2274 573 2342 frequentia,
590 2274 749 2333 Gallia
770 2295 859 2343 pro
892 2277 1058 2326 tributo
1084 2277 1390 2347 omnibusque

21 2353 33 2360 ·
105 2342 372 2391 muneribus
399 2341 574 2392 tantum
593 2342 870 2409 persolvisset
887 2343 1082 2393 Gallicae
1104 2347 1266 2394 nostrae
1281 2363 1386 2393 mo-

26 2403 35 2412 ‘
99 2423 219 2458 netae
257 2408 393 2458 libras
423 2414 761 2473 318‚5oo‚ooo.
812 2409 890 2459 Ad
924 2428 1027 2459 eam
1061 2428 1213 2461 autem
1234 2451 1247 2472 ,
1283 2429 1385 2478 quae

27 2513 31 2521 ⁴
105 2489 215 2523 tunc
243 2491 337 2522 erat
356 2514 367 2533 ,
397 2476 568 2542 populi
597 2479 876 2543 paucitatem
907 2477 1090 2526 redacta
1111 2517 1124 2538 ‚
1154 2477 1387 2544 pendebat

109 2539 291 2590 tantum
309 2539 504 2592 Gallicae
523 2545 684 2592 nostrae
704 2560 901 2594 monetae
918 2545 1055 2594 libras
1076 2563 1103 2602 7
1109 2558 1386 2607 9‚375‚ooo.

47 2607 52 2609 ’
103 2605 259 2663 Haud
273 2609 441 2662 mirum
463 2626 575 2678 ergo
590 2609 757 2666 Gallos
777 2611 901 2669 tanta
918 2613 1147 2666 alacritate
1168 2607 1392 2679 tantisque

1083 2675 1128 2727 R
1161 2677 1207 2743 vj
