1725 2983
341 167 815 210 ANNA11UM
865 149 1032 209 L-rn'.
1076 145 1208 209 ΧΠ.Γ
1342 168 1417 226 59

145 249 506 310 munimento
533 249 657 327 uti'3
703 257 762 309 &
808 272 1154 330 quamquam
1193 267 1290 331 per
1326 246 1418 306 in-
1441 279 1634 320 ΞΕ,

145 332 472 394 Ῑεᾶὶειῑίοηεε
513 341 570 393 &
607 334 830 392 nuntios
859 333 931 392 ad
966 333 1225 412 proelium
1250 354 1417 390 voca-
1439 339 1488 380 A·
1509 342 1560 380 U·
1581 342 1634 383 C·

146 437 298 477 retur
322 465 339 490 ,
365 421 586 477 nectere
610 440 793 476 moras
812 464 828 489 ‚
859 416 1010 474 locos
1035 432 1249 475 mutare
1272 463 1287 488 ,
1319 423 1378 475 &
1397 463 1414 488 ,

1494 416 1604 460 802.

146 500 314 559 miffis
344 501 785 582 corruptoribus,
814 498 1127 559 exuendam
1151 499 1221 556 ad
1241 499 1416 558 fidem
1479 496 1522 537 ³·
1554 495 1606 537 C·

144 584 324 644 hostes
345 585 629 644 emercari.
652 586 728 642 Ex
747 582 868 664 quis
886 585 1060 642 Izates
1074 581 1419 654 AdiabenuS,

144 690 282 726 mox
303 668 561 750 Abgarus
587 667 843 727 Arabum
869 690 1001 727 cum
1031 664 1275 725 exercitu
1305 664 1422 724 abs-

143 751 355 811 cedunt
380 776 398 830 3
443 750 666 810 levitate
687 751 884 832 gentili
910 799 928 824 ‚
969 758 1027 810 δε
1050 748 1181 830 quia
1208 750 1422 829 experi-

142 835 352 895 mentis
404 835 697 915 cognitum
749 837 824 895 est
863 883 881 907 ‚
938 833 1199 893 barbaros
1252 831 1425 892 malle

146 917 333 977 Roma
372 939 562 1000 petere
607 940 803 999 regeS‚
844 916 1018 1000 quam
1054 916 1280 975 habere.
1341 916 1422 975 At

143 1001 512 1062 Meherdates
533 1049 550 1073 ‚
582 1001 778 1062 validis
803 1001 1014 1061 auxiliis
1035 999 1273 1059 nudatus
1292 1045 1309 1069 ‚
1334 1022 1424 1059 ce-

144 1106 394 1145 terorum
420 1085 741 1167 proditione
763 1083 1005 1167 suspecta
1026 1133 1043 1157 ‚
1068 1083 1222 1166 quod
1243 1087 1423 1142 unum

143 1169 427 1250 reliquum
449 1217 466 1241 ,
491 1192 613 1230 rem
629 1171 688 1229 in
713 1168 898 1228 casum
921 1169 1081 1239 dare,
1109 1165 1424 1248 proelioque

144 1253 379 1333 experiri
406 1253 604 1312 statuit.
667 1255 788 1313 Nec
816 1251 1146 1312 detrectavit
1173 1273 1424 1332 pugnam

145 1338 416 1394 Gotarzes
435 1383 452 1408 ‚
471 1336 784 1396 deminutis
806 1336 1049 1396 hostibus
1069 1332 1243 1394 ferox.
1267 1335 1424 1392 Con-

145 1417 478 1500 cursumque
529 1420 733 1504 magna
785 1420 932 1480 caede
965 1468 981 1492 ‚
1040 1428 1098 1480 &
1153 1416 1424 1497 ambiguo

143 1523 353 1564 eventu
386 1528 398 1560 :
460 1503 644 1564 donec
681 1504 1035 1564 Cart-henem
1062 1552 1079 1576 ‚
1122 1500 1427 1583 profligatis

142 1583 382 1648 obverfis
402 1634 420 1659 ‚
443 1588 664 1670 longius
689 1593 946 1649 evestum
969 1588 1189 1667 integer
1207 1608 1239 1642 a
1263 1604 1426 1643 teroo

144 1669 346 1752 globus
401 1672 848 1735 circumveniret.
920 1673 1077 1729 Tum
1123 1668 1285 1726 omni
1330 1634 1426 1747 ίῗπε

146 1750 363 1834 perdita
384 1799 402 1824 ,
437 1755 803 1813 Meherdates
825 1749 1087 1834 promissa
1108 1750 1388 1809 Parrhacis
1404 1797 1425 1823 ,

143 1837 361 1919 paterni
387 1835 604 1894 clientis
625 1884 641 1908 ,
688 1835 904 1896 secutus
931 1883 948 1907 ‚
994 1835 1128 1893 dolo
1157 1840 1272 1914 ejus
1303 1834 1426 1891 vin-

143 1917 288 1980 citur
319 1942 337 1997 3
403 1919 753 2000 traditurque
806 1919 1022 1979 victori.
1089 1918 1280 1997 Atque
1327 1916 1425 1976 ille

139 2031 187 2063 ,α
200 2025 316 2061 non
355 2004 735 2084 propinquum
773 2050 790 2075 ,
850 2024 1036 2084 neque
1087 1999 1303 2059 Arsacis
1352 2000 1427 2061 de

144 2108 360 2170 :agente
380 2135 397 2159 ‚
427 2084 525 2148 sed
548 2087 925 2168 alienigenam
955 2094 1013 2146 &
1033 2087 1363 2145 Romanum
1384 2110 1431 2137 n*

144 2172 435 2252 increpans
458 2219 475 2244 ‚
519 2170 740 2230 auribus
771 2167 963 2229 decisis
1001 2170 1190 2228 vivere
1219 2167 1376 2248 jubet
1405 2202 1428 2239 ·,

143 2255 386 2315 ostentui
420 2254 731 2315 clementiae
765 2252 869 2313 suae
889 2301 906 2326 ,
949 2261 1007 2314 &
1027 2252 1086 2311 in
1116 2274 1218 2310 nos
1244 2250 1427 2313 deho-

148 2339 513 2399 nestamenta
544 2339 701 2398 Dein
724 2341 994 2398 Gotarzes
1020 2335 1223 2394 morbo
1244 2334 1387 2393 obiit
1404 2380 1426 2406 ,

143 2421 461 2504 accitusque
500 2423 560 2481 in
597 2445 836 2504 regnum
872 2423 1146 2482 Vonones
1168 2467 1185 2491 ,
1230 2418 1427 2477 Medis

149 2526 271 2565 tum
294 2506 604 2588 praesidem.
655 2505 828 2567 Nulzla
843 2501 1254 2585 huicprospera
1277 2548 1295 2572 ,
1330 2519 1431 2559 aut⁴

145 2589 370 2653 adversa
403 2637 424 2665 ,
486 2591 614 2673 quis
661 2609 1093 2652 memoraretur,
1152 2583 1317 2645 Brevi
1366 2590 1432 2651 δέ

1090 2669 1145 2728 C
1181 2674 1237 2750 vj

1506 584 1588 626 49·
