1637 2917
263 201 344 240 rr
387 177 692 240 NERONE
740 181 1229 242 PR1N01P1nus.
1321 204 1437 262 537

163 279 228 330 du
248 279 385 346 poids
407 278 463 328 de
495 282 587 339 850
607 279 741 328 livres
764 298 774 327 t
811 279 951 344 quaeso
976 294 1024 327 ut
1050 282 1180 344 qucim
1200 279 1331 330 multi
1353 298 1438 330 eas·

162 346 363 411 conservi
394 347 491 408 ejus
517 344 739 407 inferrent
759 385 774 406 ‚
808 358 889 393 aut
921 345 1081 410 quihus
1112 346 1385 396 cenantibus
1407 351 1436 397 ἓ

160 411 279 461 Plin.
298 410 551 472 XXXIII,
589 429 662 459 11.
688 408 792 460 seii.
818 426 893 471 52.

228 477 279 526 N
284 479 372 525 ulla
400 482 447 525 in
477 476 529 525 re
556 479 732 538 majora
753 517 766 539 ‚
803 475 942 545 quam
974 478 1023 523 in
1056 479 1164 526 luxu
1187 518 1198 539 ,
1236 477 1431 528 fastidia.

157 541 400 593 Romanos
448 561 736 610 gemmarum
770 583 784 605 ,
831 545 926 590 auri
950 579 963 600 ‚
1011 547 1188 609 argenti
1240 547 1389 594 taeduit
1419 565 1432 593 τ

161 626 348 676 coepere
384 608 434 657 ἵν
472 608 665 671 lapidem
686 649 702 673 ‚
738 611 782 658 le
830 608 1040 669 marbre,
1071 611 1301 677 pingeres
1332 611 1434 660 Hoc

158 673 350 725 Claudii
381 673 617 737 Principis
642 677 875 725 inventum
899 696 914 723 :
946 674 1151 724 Neronis
1178 680 1309 739 werd,
1336 694 1432 725 ma-

159 740 324 804 culas,
361 758 460 806 quae
497 758 589 790 non
626 741 794 807 efflent,
841 739 998 805 crustis
1024 742 1288 805 inserendo,
1325 745 1436 793 uni-

157 821 302 857 tatem
335 807 523 855 variare
547 844 561 866 ‚
601 821 651 854 ut
692 821 856 856 ovatus
887 808 990 873 effer
1020 807 1301 857 Numidicus
1322 846 1338 869 ‚
1384 824 1433 858 uc

157 875 362 934 purpurei
387 870 736 939 distingueretur
756 873 1055 938 Synnadicus
1074 913 1086 933 ‚
1116 874 1310 939 qualiter
1331 873 1436 924 illos

160 940 287 1004 nasci
313 953 522 1000 optarent
546 937 739 988 delicice.
779 938 898 986 Plin.
922 937 1140 1000 XXXV,
1169 959 1209 989 1.
1245 941 1354 1006 Qua
1375 941 1436 991 de

157 1021 209 1052 re
248 1004 350 1054 vide
393 1022 579 1072 quoque
619 1005 695 1054 Cl.
731 1005 786 1053 de
827 1005 999 1073 Caylus
1031 1045 1043 1066 ‚
1089 1005 1336 1059 Me'moires
1377 1007 1436 1057 de

159 1069 444 1120 I'Academie
463 1070 634 1138 Royale
654 1070 732 1120 des
745 1071 1061 1136 Inscriptions‚
1076 1071 1220 1121 Tom.
1236 1073 1431 1123 XXIX.

163 1154 278 1204 pag.
309 1147 414 1196 167.
437 1137 501 1185 At
523 1176 534 1198 ‚
572 1136 677 1186 etim
700 1156 852 1205 neque
871 1137 1045 1186 Plinius
1065 1178 1076 1198 ,
1114 1156 1264 1207 neque
1285 1139 1360 1189 Cl.
1379 1140 1438 1188 de

162 1203 339 1271 Caylus
357 1242 370 1265 ,
404 1221 555 1270 neque
574 1204 733 1252 eruditi
751 1204 1020 1252 Academici
1043 1204 1408 1255 Herculanenses
1425 1245 1440 1268 ,

155 1269 346 1320 Pitture
388 1268 587 1319 Antiche
631 1269 904 1320 d’Ercolano
933 1310 946 1329 ,
987 1271 1130 1320 Tom.
1165 1273 1204 1319 I.
1235 1290 1349 1337 patr.
1394 1289 1437 1321 1.

158 1334 434 1404 AEgyptiam
464 1336 596 1399 hujus
628 1339 803 1385 inventi
834 1339 1151 1404 antiquitatem
1184 1314 1398 1387 novessint
1423 1375 1439 1400 ,

156 1400 238 1450 hic
263 1403 435 1450 tradere
458 1404 612 1462 juvat,
637 1403 765 1469 quod
786 1420 929 1451 artem
951 1404 1152 1453 illustret.
1175 1404 1291 1452 Pieri
1311 1422 1438 1453 mar-

155 1471 297 1516 moris
315 1467 553 1533 splendida
567 1471 710 1516 multa
720 1484 1022 1517 monumenta
1038 1485 1228 1519 manent
1241 1470 1436 1532 Thebis,

159 1538 262 1601 quae
286 1533 599 1600 antiquiffitnis
634 1535 914 1597 temporibus
935 1572 948 1593 ,
979 1552 1084 1583 ante
1112 1536 1264 1583 Persas
1296 1535 1440 1585 Grae-

160 1599 329 1667 cosque
348 1639 360 1660 ,
398 1606 443 1646 &
477 1597 556 1647 sub
589 1599 692 1664 ipfis
721 1599 1034 1648 Pharaonibus
1055 1639 1067 1661 ‚
1108 1601 1293 1649 condita
1318 1600 1438 1652 sunt.

163 1664 233 1714 Ea
256 1665 450 1731 inspexit
467 1665 517 1713 P.
538 1665 695 1713 Sicard
717 1668 848 1714 annis
875 1671 995 1722 1718
1016 1673 1061 1714 &
1086 1685 1224 1725 1721.
1245 1666 1440 1736 Egregii

162 1733 352 1799 quidem
370 1733 465 1790 eius
486 1735 640 1796 operis
660 1770 671 1792 ,
692 1732 874 1780 eruditis
895 1734 998 1780 viris
1020 1734 1152 1782 valde
1171 1732 1433 1797 desiderati,

159 1800 257 1866 legi
279 1797 454 1846 tantum
477 1797 583 1846 Mff.
606 1796 790 1847 schedas
815 1799 992 1865 aliquot
1012 1837 1024 1859 ‚
1042 1799 1098 1847 ab
1122 1801 1306 1848 interitu
1336 1803 1438 1849 vin-

78 1900 89 1905 -
160 1865 330 1914 dicatas
351 1904 363 1925 ‚
392 1882 503 1932 quas
528 1882 633 1912 cum
658 1867 936 1932 antiquitatis
958 1871 1002 1913 &
1024 1869 1188 1914 artium
1209 1870 1435 1916 amatori-

160 1931 243 1979 bus
273 1932 465 1979 libenter
496 1933 807 1978 communico.
848 1929 905 1979 Et
935 1949 994 1979 ne
1021 1949 1074 1979 ex
1098 1932 1265 1981 Latina
1290 1935 1436 1982 inter-

158 2001 417 2063 pretatione
446 1998 600 2064 aliqua
629 1995 880 2045 suboriatur
902 2000 949 2045 in
969 2016 1015 2046 re
1036 1999 1247 2064 technica·
1271 1997 1437 2048 obscu-

159 2065 265 2111 ritas
286 2103 298 2124 ,
332 2063 467 2129 ipsius
489 2064 685 2111 auetoris
709 2064 844 2111 verba
869 2063 1079 2112 referam.
1111 2064 1260 2113 Multa
1280 2081 1436 2115 tamen

162 2132 374 2191 omittam
388 2168 401 2189 ,
433 2129 539 2177 licet
560 2132 766 2178 maximae
790 2131 1111 2199 stupendaeque
1131 2132 1438 2199 magnificen-

162 2197 233 2244 tiae
248 2235 260 2255 ‚
284 2193 410 2262 quod
431 2195 548 2242 nihil
573 2194 661 2243 huc
687 2199 930 2262 pertinent.
953 2196 1019 2245 At
1042 2198 1254 2265 reliquias
1275 2201 1436 2265 palatii

162 2263 312 2325 regii,
346 2278 446 2328 quae
482 2259 731 2326 superstites
763 2263 910 2310 adhuc
941 2265 1111 2312 exstant
1141 2268 1189 2314 in
1223 2265 1275 2313 ea
1302 2281 1436 2330 parte

164 2327 433 2376 Thebarum
451 2366 462 2387 ‚
479 2344 577 2394 quae
596 2345 721 2376 nunc
737 2329 896 2376 dicitur
910 2328 1090 2395 Carnaq
1104 2369 1119 2389 ,
1138 2333 1407 2380 memorabo
1421 2368 1439 2393 ‚

164 2410 213 2441 ut
236 2395 412 2459 pietum
440 2393 686 2460 antiquitus
710 2394 766 2442 ab
787 2393 1016 2461 AEgyptiis
1042 2414 1245 2445 marmor
1266 2413 1438 2463 pateat.

165 2461 243 2508 Sic
266 2475 415 2508 autem
445 2477 518 2508 eas
545 2457 749 2508 describit
770 2459 822 2508 P.
845 2462 1018 2510 Sicard.
1058 2462 1131 2511 Ac
1153 2461 1305 2528 primo
1328 2466 1440 2537 qui-

167 2526 272 2574 dem
293 2528 561 2593 generatim.
601 2527 951 2588 Appartements
967 2527 1252 2595 finguliers,
1288 2546 1359 2594 qui
1381 2529 1440 2594 se

162 2607 371 2641 {rorarent
409 2595 435 2641 ci
485 2590 597 2657 l’Est
639 2592 716 2641 des
755 2593 917 2655 perires
962 2593 1186 2661 aiguilles.
1242 2592 1307 2644 Ce
1329 2594 1440 2659 sbnt

161 2657 368 2726 quelques
405 2657 543 2711 alle‘es
573 2657 899 2722 ddcouvertes,
934 2677 990 2710 ou
1027 2659 1253 2711 chambres
1276 2700 1292 2721 ,
1330 2659 1441 2711 dont

1136 2724 1248 2778 Zv
