1637 2917
416 145 861 194 'ANNAMUM
920 132 1184 193 NorAE.
1324 150 1444 212 533·

230 222 520 300 NJmphidiae
537 231 660 299 filio.
683 230 732 279 N
768 231 997 298 mphidius
1017 271 1030 292 ‚
1059 230 1174 279 filius
1197 228 1438 298 Nymphi-

164 297 251 346 diae
268 335 281 359 ,
320 305 363 345 ὅ(
382 335 394 356 ,
431 316 479 347 ut
504 302 718 364 opinatur
734 252 1008 347 {latai-chus
1037 299 1086 345 in
1106 297 1259 347 Galba
1278 336 1292 358 ‚
1322 316 1434 364 pag.

170 371 309 426 1056.
345 362 567 414 Marciani
600 363 881 432 gladiatoris.

226 493 354 544 CAP.
387 493 574 546 XCIV.
608 491 779 561 Togam
798 491 1001 561 fizmpstt.
1030 494 1153 544 Suet.
1171 496 1220 542 in
1247 492 1399 543 Galba
1416 533 1432 557 ‚

160 558 439 676 Caphar&
475 624 748 689 Turpiliani.
795 621 946 675 Tacit.
983 625 1104 674 Hist.
1144 627 1196 687 I,
1234 634 1277 674 6.
1321 624 1431 679 Jam

159 695 439 741 memoratus
466 695 528 740 est
546 689 680 758 supra
706 690 826 755 Cap.
850 695 928 741 81.
954 698 997 739 &
1019 692 1193 740 Annal.
1212 691 1328 752 XV,
1352 711 1431 750 72.

158 755 406 824 Perperam
434 758 689 839 appellatus
714 774 740 804 a
761 757 1004 807 Plutarcho
1028 761 1076 806 in
1099 758 1250 834 Galba
1272 796 1285 818 ,
1320 774 1432 825 pag.

163 839 303 884 1059.
339 838 564 889 Πετρωνιος
598 821 891 887 Τερτελιοινᾶς.
1393 886 1397 888 ἡ

220 889 486 940 Narbonem
504 888 749 938 Martium.
788 887 930 938 Nunc
949 888 1199 938 Narbonae
1223 907 1234 936 2
1265 890 1428 939 urbem

151 956 268 1004 olim
280 944 556 1006 'Galliarum
587 954 888 1003 clarissimam.

220 1020 554 1071 Illiberalitate.
577 1020 774 1070 Causam
796 1020 923 1070 affert
945 1020 1158 1079 Tacitus,
1179 1017 1332 1069 HistJ
1344 1060 1357 1082 ,
1380 1025 1424 1070 8.

152 1086 420 1155 Necstcztim
434 1104 516 1149 pro
532 1086 688 1137 Galba?
704 1087 982 1153 Verginium
1004 1093 1047 1134 &
1065 1084 1230 1134 Fabius
1247 1087 1424 1138 Valens

152 1171 260 1201 eum
285 1155 587 1203 cundiationis
612 1153 924 1216 accusaverat,
959 1154 1064 1202 teste
1083 1152 1250 1201 Tacito
1268 1192 1282 1215 ,
1310 1154 1420 1203 ibid.

150 1219 274 1285 Cap.
301 1237 375 1282 52.

216 1285 429 1336 Romana
449 1286 672 1352 felicitas.
711 1285 972 1351 Imperante
995 1285 1205 1349 Traiano
1225 1323 1238 1346 ,
1269 1301 1317 1337 ut
1350 1285 1424 1336 ὀὶ·

147 1367 274 1402 cetur
294 1391 309 1416 ,
344 1353 451 1404 crim
473 1354 532 1403 ad
556 1353 652 1402 haec
678 1368 887 1417 tempora
916 1352 1246 1402 devenerimus.

195 1483 337 1534 JCAP.
360 1483 524 1534 XCV.
575 1483 901 1532 occurrerant.
939 1483 1018 1531 Ad
1053 1486 1232 1532 tertium
1271 1482 1419 1534 ferme

145 1549 206 1599 ab
232 1550 364 1598 Urbe
390 1550 594 1614 lapidem
619 1587 633 1609 ,
667 1548 896 1596 Plutarch.
921 1549 970 1595 in
998 1548 1150 1598 Galba
1168 1588 1182 1612 ‚
1203 1569 1251 1616 p.
1275 1567 1359 1612 105
1367 1570 1416 1608 9·

141 1614 270 1671 ‚Vide
294 1621 338 1664 &
359 1614 574 1665 Tacitum
593 1653 607 1675 ,
637 1612 756 1662 Hist.
777 1615 799 1661 I
818 1652 831 1673 ,
866 1619 943 1672 87.

210 1679 258 1731 A
295 1681 484 1732 Nerone
524 1679 693 1729 datam.
749 1678 882 1728 Nero
910 1695 968 1729 ex
1001 1678 1247 1746 remigibus
1273 1681 1415 1748 justos

142 1745 312 1806 milites
336 1763 411 1796 eos
427 1746 624 1809 fecerat.
666 1747 856 1795 Sueton.
883 1747 932 1793 in
957 1743 1110 1795 Galba
1129 1785 1143 1807 ‚
1178 1746 1300 1813 Cap.
1336 1754 1412 1798 16.

141 1812 199 1862 ld
219 1814 282 1861 est
299 1852 312 1874 ‚
338 1813 576 1880 legionem
602 1811 771 1861 fecerat
789 1851 803 1872 ‚
831 1811 1061 1861 Plutarch.
1093 1814 1185 1860 loc.
1205 1816 1279 1863 cit.

206 1877 458 1946 Signaque.
492 1879 715 1947 Aquilam
748 1885 794 1926 &
828 1878 858 1926 fi
897 1895 956 1926 na
979 1878 1195 1945 legionis.

205 1943 263 1993 In
280 1944 427 2009 fidem
456 1959 678 2006 acceptos,
701 1895 993 1993 Tacitffiist.
1016 1946 1036 1992 Ι
1058 1984 1070 2004 ,
1092 1953 1147 2006 6,
1177 1963 1231 2010 37
1262 1951 1306 1993 &
1329 1949 1409 2006 87.

137 2010 216 2060 Sic
242 2010 460 2059 trucidata
490 2012 633 2059 multa
660 2012 804 2058 millia
830 2012 1074 2058 inermium
1105 2017 1148 2058 ὃς
1177 2016 1407 2061 innocen-

44 2119 50 2122 .
140 2076 406 2125 tiffirnorum
436 2078 645 2125 militurn.
684 2076 810 2124 Male
829 2077 927 2125 Dio
948 2075 1132 2137 LXIV,
1162 2095 1273 2144 pag.
1293 2099 1352 2137 72
1359 2098 1407 2139 9,

139 2142 199 2191 ad
215 2144 513 2207 praetorianos
531 2159 547 2203 ·,
577 2142 812 2207 Aopvmo'psg
833 2183 847 2204 ,
882 2142 1032 2190 retulit
1051 2181 1063 2203 ‚
1097 2161 1194 2210 quae
1215 2143 1273 2191 ad
1294 2144 1408 2193 clas-

137 2209 290 2257 fiai-ios
312 2211 537 2273 pertinere
557 2208 870 2257 demonstrant
897 2208 1087 2258 Sueton.
1111 2217 1155 2258 &
1176 2209 1407 2261 Plutarch.

136 2276 591 2390 locffirfcietiorianorum
599 2339 813 2405 plerique.
827 2341 1001 2390 Suet.in
1017 2341 1185 2403 Galba,
1200 2340 1346 2411 Cap.1
1359 2351 1404 2393 6.

197 2403 452 2456 Tendebat.
486 2406 675 2455 Sueton.
704 2409 754 2455 in
791 2406 974 2470 Galba,
1012 2409 1134 2474 Cap.
1163 2426 1236 2456 12.

201 2533 325 2585 CAP.
345 2534 528 2588 XCVI.
565 2537 746 2591 Gratiae
767 2537 906 2592 locus.
927 2541 1116 2592 Sueton.
1139 2542 1189 2588 in
1212 2538 1379 2603 Galba,

132 2600 257 2670 Cap.
283 2621 340 2664 14
361 2608 404 2651 ὅ(
431 2619 505 2669 1¹5.
1082 2671 1126 2723 Z
1158 2673 1207 2735 NJ·
