1725 2983
357 136 825 179 ANNAtruM
875 119 1033 177 Lrss.
1081 117 1213 178 XII.
1341 121 1407 197 85

148 213 404 299 Moxque
426 216 620 299 vulgus
643 263 660 288 ,
692 216 832 274 duro
856 215 1095 296 imperio
1123 216 1377 274 habitum
1397 263 1415 288 ,
1441 233 1635 261 ======

151 302 351 384 probra
393 325 454 360 ac
501 300 730 359 verbera
774 297 1101 356 intentabat.
1156 302 1224 357 Et
1261 319 1420 358 erant-
1440 294 1492 332 A.
1510 292 1562 330 U.
1579 290 1641 330 C·

152 384 341 442 contra
359 432 374 455 ‚
402 384 499 464 qui
522 403 738 441 tantam
761 379 994 438 fortunae
1019 383 1418 440 commutatio-
1478 363 1594 480 {3⁰46

150 490 287 525 nem
317 466 722 544 miserarentur.
761 466 1068 543 Secutaque
1093 486 1221 521 cum
1245 466 1423 546 parvis
1501 455 1611 563 {h'

151 549 339 609 liberis
402 556 642 630 conjunx
681 594 698 620 ‚
752 551 950 605 cuncta
1017 545 1424 606 lamentatione

153 631 489 714 complebat.
527 628 772 690 Diversis
799 639 855 690 δέ
879 630 1145 688 contectis
1160 630 1428 690 vehiculis

154 714 465 788 abduntur,
505 713 643 772 dum
669 711 1048 771 Pharasmanis
1071 709 1206 792 juffa
1232 714 1428 793 exqui-

154 818 422 857 rerentur.
470 796 562 855 Illi
599 795 804 878 cupido
840 796 1000 877 regni
1035 793 1203 870 fratre
1227 804 1285 855 ὃς
1318 795 1430 854 filia

153 881 339 964 potior
367 929 384 952 ‚
442 879 770 960 animusque
825 877 1119 938 sceleribus
1171 900 1388 962 paratus
1415 903 1430 938 z

89 1006 92 1008 -
154 963 293 1022 visui
320 968 512 1024 tamen
539 961 814 1022 consuluit
834 1011 851 1034 ,
891 985 962 1021 ne
997 985 1186 1021 coram
1215 962 1432 1022 interfi-

155 1055 431 1106 cerentur.
475 1049 540 1106 Et
566 1046 957 1106 Rhadamistus
978 1093 994 1117 ‚
1035 1044 1185 1126 quasi
1209 1047 1432 1127 jurisju-

156 1130 315 1188 randi
337 1152 587 1202 memor‚
610 1153 726 1188 non
745 1126 956 1188 ferrum
973 1176 989 1200 ‚
1012 1152 1127 1186 non
1146 1151 1431 1188 venenum

155 1214 215 1271 in
260 1211 507 1271 sororem
550 1221 607 1272 &
654 1233 914 1294 patruum
963 1213 1240 1294 expromit
1271 1237 1288 1289 3
1333 1211 1431 1272 sed

156 1300 430 1378 projectos
456 1297 515 1353 in
538 1296 778 1355 humum
800 1343 818 1368 ,
852 1304 909 1355 δε
934 1297 1078 1354 veste
1105 1294 1282 1354 multa
1306 1318 1434 1376 gra-

155 1379 323 1458 vique
347 1383 569 1462 opertos
594 1400 772 1438 necat.
802 1378 925 1437 Filii
948 1401 1173 1459 quoque
1194 1379 1433 1438 Mithri-

157 1462 299 1522 datis
329 1509 346 1534 ‚
395 1462 550 1543 quod
596 1462 834 1522 caedibus
877 1483 1174 1545 parentum
1213 1461 1434 1521 inlacri-

157 1567 448 1606 maverant
471 1594 487 1618 ‚
527 1547 788 1606 trucidati
820 1543 963 1607 funt.

190 1668 193 1670 -
249 1630 526 1690 XLVIII.
549 1629 641 1688 AT
680 1632 1068 1704 QUADRATUS
1098 1625 1435 1710 cognoscens

159 1710 449 1793 proditum
490 1712 869 1771 Mithridaten
906 1759 923 1784 ‚
985 1720 1042 1771 &
1085 1733 1325 1792 regnum
1365 1711 1438 1771 ab

158 1791 902 1864 interfectoribusbbtineri‚
922 1814 1085 1852 vocat
1106 1793 1398 1852 confilium
1419 1841 1439 1866 ,

154 1877 329 1953 docet
354 1882 472 1936 acta
493 1925 509 1949 ,
552 1886 610 1937 δε
650 1901 720 1935 an
760 1874 1113 1936 ulcisceretur
1141 1875 1435 1937 consultat.

160 1960 352 2020 Paucis
383 1960 551 2020 decus
577 1959 867 2043 publicum
895 1982 1033 2019 curae
1057 1985 1069 2019 ε
1113 1958 1294 2040 plures
1321 1980 1442 2020 tuta

161 2041 447 2103 differunt.
500 2072 532 2095 o:
554 2047 752 2104 Omne
782 2043 954 2103 scelus
982 2065 1276 2104 externum
1306 2067 1438 2103 cum

159 2125 391 2186 :olaetitia
412 2127 759 2187 habendum.
823 2127 1049 2186 Semina
1074 2127 1246 2186 etiam
1272 2127 1440 2186 odio-

161 2231 331 2268 sorum
355 2210 637 2290 jacienda,
660 2232 720 2269 ut
738 2209 873 2292 saepe
892 2211 1171 2292 Principes
1190 2209 1440 2270 Romani

162 2294 470 2354 :neamdem
504 2293 841 2354 Armeniam
871 2292 1050 2376 specie
1087 2293 1397 2376 largitionis
1421 2340 1440 2366 ,

163 2375 496 2436 mturbandis
536 2378 902 2436 barbarorum
945 2377 1146 2436 animis
1192 2377 1442 2459 praebue-

166 2458 338 2518 nrint.
357 2461 634 2520 Potiretur
650 2461 1041 2520 Rhadamistus
1068 2459 1214 2519 male
1239 2459 1404 2541 partis
1421 2505 1441 2530 ,

163 2568 200 2604 ,κ
212 2540 351 2605 dum
371 2542 573 2606 invisus
592 2591 614 2620 ,
634 2542 862 2605 infamis
880 2568 898 2625 3
925 2544 1153 2628 quando
1177 2543 1237 2602 id
1263 2540 1444 2624 magis
