1637 2917
294 178 747 220 ANNALmM
805 159 1069 222 No‘rAE.
1210 182 1335 239 407-

124 258 244 308 Haec
264 255 363 306 sunt
379 296 393 320 ,
428 275 529 325 quae
551 260 601 306 in
630 274 677 305 re
702 259 858 323 magni
881 261 1104 307 momenti
1129 256 1337 309 disserere

57 326 202 374 volui.
223 324 389 374 Cetera
415 325 462 372 in
490 325 652 392 quibus
672 321 921 391 AEgyptios
942 332 986 372 δε
1009 324 1217 374 Sinenses
1239 344 1337 374 non

58 389 160 441 satis
183 391 429 458 diligenter
452 389 659 457 expressit
692 389 768 438 Cl.
796 389 851 437 de
882 389 995 438 Paw
1017 430 1030 452 ,
1067 410 1165 440 non
1196 393 1338 439 nostri

59 459 124 506 est
159 459 348 507 instituti
383 464 427 506 &
470 459 555 511 otii
587 455 773 523 longius
807 454 1038 524 prosequi.
1080 458 1133 505 Id
1159 457 1335 506 tantum

59 523 281 573 addidero
306 524 382 574 Cl.
404 526 551 572 virum
575 563 588 585 ,
621 540 669 572 ut
690 524 870 571 urbium
892 529 938 570 &
962 523 1205 571 hominum
1225 527 1335 572 ino-

61 592 189 658 piam
224 589 486 640 Sinenfibus
519 591 763 657 exprobret
789 627 802 650 ,
846 590 900 637 iis
933 589 1135 652 objicere
1171 591 1338 656 Belgas

60 659 109 704 ’δε
132 658 328 706 Batavos
344 696 357 718 ,
377 657 502 722 apud
515 675 630 724 quos
651 673 717 705 tot
733 654 833 703 sunt
852 657 980 703 urbes
993 695 1005 716 ,
1029 671 1094 704 tot
1115 657 1339 705 homines,

62 723 119 770 Id
154 724 296 787 objici
331 721 460 789 poffe
495 722 758 771 incredibile
797 723 875 769 est.
923 721 1041 770 Non
1070 722 1340 771 memorabo

64 789 187 838 Sinis
233 787 321 837 effe
372 804 495 848 1510
538 790 668 836 urbes
711 790 850 836 muris
893 790 1064 837 cin&as
1090 827 1103 849 ,
1149 805 1344 856 quarum

66 856 302 921 principes
327 893 340 915 ,
375 871 424 903 ut
455 854 637 922 Peking
653 854 932 921 ,'Nanking
951 894 964 917 ‚
985 853 1312 920 Hang-tcheoa
1327 891 1345 914 ,

67 920 256 970 Canton
275 960 291 982 ‚
324 920 419 971 [rc.
445 921 614 970 habent
638 921 823 988 fingulae
847 919 1044 988 amplius
1065 921 1211 969 decies
1235 934 1347 969 cen-

69 1002 176 1036 tena
195 988 338 1036 millia
354 988 614 1036 incolarum
629 1027 640 1048 ,
661 1005 927 1049 1,ooo,ooo.
944 987 1150 1054 praefidia
1161 986 1346 1053 insuper

2 1081 5 1086 ¹
68 1055 249 1116 majora
268 1093 280 1114 ‚
301 1052 380 1102 des
391 1053 647 1120 fhrtereffes
661 1093 674 1116 ,
695 1058 833 1102 muris
853 1056 1029 1102 munita
1047 1093 1058 1115 ‚
1079 1071 1168 1117 493
1194 1073 1208 1116 3
1227 1071 1347 1120 prae-

2 1113 11 1122 ’
69 1119 182 1167 fidia
203 1122 387 1170 minora
407 1160 419 1183 ‚
440 1123 578 1187 rnuris
604 1139 793 1189 quoque
814 1121 978 1169 vallata
993 1160 1005 1182 ,
1027 1125 1169 1180 2508.
1188 1121 1345 1187 Belgis

70 1193 116 1234 δε
137 1187 315 1235 Batavis
332 1226 344 1248 ,
366 1204 482 1253 quos
502 1189 551 1235 in
572 1189 834 1252 exemplum
853 1187 1039 1236 adduxit
1054 1187 1130 1236 Cl.
1145 1186 1201 1234 de
1216 1186 1349 1245 Paw,

70 1270 170 1302 non
198 1253 330 1301 urbes
359 1252 568 1302 Sinenses
600 1254 849 1315 objecerim
868 1292 881 1314 ,
916 1252 991 1302 sed
1024 1253 1137 1301 duos
1169 1251 1349 1301 tantum

72 1336 222 1385 pagos
234 1318 628 1386 King-re-tclzing,
639 1327 683 1367 &
700 1319 740 1367 F
738 1320 934 1371 o-chan.
948 1320 1044 1368 Hic
1057 1319 1186 1367 distat
1201 1317 1350 1366 solnm

113 1400 274 1432 uatuor
309 1387 459 1433 leucas
497 1387 554 1433 ab
590 1386 701 1433 urbe
736 1385 921 1435 Canton
942 1423 955 1446 ‚
993 1392 1037 1432 &
1069 1384 1254 1433 refertus
1285 1386 1351 1432 est

74 1402 224 1499 Iler-icis
257 1448 445 1518 aliisque
482 1450 723 1518 opificibus
747 1470 762 1514 3
807 1451 885 1500 ille
921 1452 984 1500 est
1020 1453 1071 1499 in
1108 1449 1352 1517 provincia

71 1515 304 1584 Kiang-Ji
325 1556 340 1578 ‚
379 1517 535 1584 ibique
577 1518 752 1584 degunt
786 1517 916 1583 figuli
953 1516 1165 1567 vasorum
1192 1556 1205 1578 ‚
1249 1516 1352 1584 quse

74 1583 268 1631 dicimus
289 1582 585 1631 Porcelaines
601 1603 616 1630 :
641 1600 726 1639 nec
748 1601 920 1631 nomen
938 1621 951 1643 ‚
971 1599 1059 1630 nec
1079 1583 1353 1648 dignitatem

76 1650 257 1697 urbium
276 1648 509 1709 obtinent,
535 1645 661 1715 quod
682 1667 778 1696 non
797 1648 897 1697 sunt
915 1651 1053 1696 muris
1078 1651 1231 1696 cincti.
1247 1649 1349 1697 Sin-

15 1731 18 1734 *
81 1716 199 1780 gulis
217 1730 370 1762 tamen
384 1713 483 1763 sunt
500 1715 665 1763 incolae
685 1714 880 1780 amplius
901 1715 1064 1776 decies,
1085 1731 1356 1775 1‚ooo,ooo.

79 1781 234 1847 Belga:
260 1786 305 1828 &
325 1781 482 1829 Batavi
504 1781 672 1828 habent
699 1781 842 1829 ferme
874 1782 1050 1829 incolas
1074 1798 1354 1839 4‚000‚000.

117 1862 197 1895 uot
216 1850 412 1912 reperire
426 1849 489 1895 est
511 1850 560 1895 in
583 1850 740 1912 paucis
761 1850 892 1914 pagis
909 1885 922 1907 ,
946 1847 1117 1895 nedum
1136 1845 1318 1893 urbibus
1339 1883 1355 1906 ,

79 1865 359 1962 ginenfibus.
394 1912 510 1960 Non
531 1915 654 1974 juvat
672 1931 856 1963 externa
877 1915 1083 1962 minuere
1099 1951 1111 1974 ,
1136 1910 1210 1960 sed
1231 1913 1355 1960 reC'ta.

82 1995 222 2046 atque
251 1979 376 2026 utilia
408 1979 552 2029 ubivis
588 1977 755 2030 fuerint
790 1981 992 2030 aemulari
1011 2018 1023 2041 ,
1055 1985 1098 2027 &
1121 1979 1273 2027 nostra
1305 1980 1357 2028 in

83 2046 246 2094 melius
275 2061 466 2094 mutare.

154 2174 290 2225 cm
323 2175 514 2228 XXIV.
575 2173 831 2226 Pomerium
880 2175 1100 2225 Romulus
1148 2174 1361 2241 pofiterir.

60 2306 65 2310 .
89 2242 270 2294 Gellius
289 2241 429 2302 XIII,
457 2261 532 2303 14.
548 2241 911 2309 Antiquiffi'mam
923 2243 1066 2292 Urbis
1080 2241 1326 2304 pomerium
1339 2281 1359 2304 ,

86 2326 120 2359 a
146 2307 331 2358 Romulo
362 2306 612 2374 institarum
634 2349 650 2373 ,
683 2307 897 2359 Palatini
923 2308 1092 2360 montis
1122 2307 1360 2359 radicibus

45 2405 56 2446 j
86 2373 442 2427 terminabatur.

159 2443 207 2492 A
231 2440 335 2502 foro
367 2439 537 2491 boario.
571 2439 744 2489 Forum
770 2441 985 2490 Boariurn
1011 2441 1094 2491 fuit
1118 2445 1166 2491 in
1195 2439 1360 2490 οᾶεινᾶ

60 2558 66 2563 ,
91 2507 238 2559 Urbis
259 2509 449 2574 regione
469 2547 482 2570 ‚
510 2509 626 2556 inter
647 2508 906 2556 Palatinum
926 2546 938 2568 ,
971 2506 1292 2574 Capitolinum
1313 2512 1359 2554 &

84 2575 379 2633 Aventinum
409 2590 604 2623 montes.
641 2574 691 2622 N
696 2591 784 2622 unc
814 2573 986 2633 Campo
1018 2575 1241 2627 Vaccino.

161 2639 396 2708 Magnam
431 2640 648 2692 Herculis
679 2657 831 2696 aram.
889 2638 996 2690 Fuit
1029 2644 1079 2691 in
1119 2634 1364 2691 undecim&
