1725 2983
363 118 1204 182 ANNAL1UML113.XI.
1353 136 1433 183 21⁴

156 250 168 258 ·
243 216 376 275 XII.
391 217 623 277 VERUM
638 214 929 275 inclinatio
948 220 1140 300 populi
1151 219 1427 303 supererat
1451 259 1670 300 εἷς,

151 320 222 359 ex
246 300 521 359 memoria
540 299 900 371 Germanici,
927 309 1078 381 cujus
1100 302 1196 361 illa
1215 303 1427 386 reliqua
1457 316 1504 356 A.
1524 318 1576 356 U.
1592 315 1646 360 C«

153 381 372 443 suboles
392 382 563 443 virilis
587 408 600 440 ε
638 391 696 443 &
722 383 888 441 matri
911 382 1232 466 Agrippinae
1260 388 1428 449 mise·
1499 387 1606 430 800·

152 465 296 525 ratio
329 466 630 549 augebatur
650 513 667 537 ‚
700 466 776 524 ob
798 464 1062 525 saevitiam
1084 467 1389 530 Messalinae
1414 498 1426 530 ε
1493 458 1530 498 J·
1558 459 1605 500 C·

153 571 275 630 quse
303 546 521 632 semper
547 547 744 608 infesta
761 596 777 622 ‚
808 557 864 608 &
889 569 1021 608 tunc
1046 554 1389 612 commotior
1411 603 1429 627 ,
1506 537 1586 585 η’·

153 632 458 713 quominus
479 634 705 692 strueret
729 632 963 691 crimina
984 642 1041 693 &
1060 634 1428 711 accusatores,

155 738 307 774 novo
323 724 380 776 &
391 713 567 774 furori
577 716 834 797 proximo
850 739 1041 777 amore
1058 716 1429 780 detinebatur.

157 799 312 858 Nam
344 799 404 857 in
446 801 518 858 C.
541 799 740 859 Silium
762 847 778 872 ,
817 801 1118 880 juventutis
1163 803 1430 863 Romanae

137 879 602 963 pulcherrimum
627 931 643 955 ,
682 883 759 941 ita
780 881 1047 943 exarserat
1069 931 1087 956 ,
1121 905 1183 943 ut
1203 886 1236 948 J
1242 885 1433 944 uniam

153 963 406 1023 Silanam
435 965 691 1026 nobilem
720 964 998 1026 feminam
1021 1014 1038 1040 ,
1068 970 1434 1028 matrimonio

155 1054 273 1129 ejus
300 1049 616 1109 exturbaret
639 1097 655 1121 ‚
697 1073 984 1131 vacuoque
1010 1049 1264 1111 adultero
1293 1053 1437 1135 poti·

156 1151 326 1191 retur.
374 1134 576 1213 Neque
605 1131 765 1192 Silius
790 1133 986 1216 flagitii
1006 1181 1023 1206 ,
1054 1154 1147 1194 aut
1166 1135 1435 1217 periculi,

156 1212 371 1274 nescius
418 1237 535 1275 erat
563 1239 579 1293 3
639 1214 736 1274 sed
783 1237 936 1276 certo
965 1264 982 1289 ‚
1032 1216 1070 1275 fi
1118 1218 1388 1279 abnueret
1416 1265 1434 1292 ,

156 1297 330 1358 exitio
353 1344 370 1370 ,
415 1306 474 1358 δε
506 1297 775 1358 nonnulla
815 1297 1049 1372 fallendi
1087 1297 1180 1384 spe
1203 1349 1222 1374 ,
1272 1300 1437 1362 fimul

155 1381 376 1463 magnis
402 1383 671 1465 praemiiS,
702 1383 944 1466 opperiri
968 1381 1153 1444 futura
1173 1431 1190 1456 ,
1223 1392 1281 1444 &
1299 1408 1437 1469 prae-
1495 1458 1501 1464 ι

155 1461 401 1526 sentibus
443 1462 589 1538 frui,
630 1488 731 1548 pro
779 1464 978 1527 solatio
1017 1467 1277 1528 habebat.
1334 1468 1437 1529 Illa

158 1570 277 1607 non
299 1545 496 1608 furtim
513 1597 531 1622 ‚
555 1548 652 1608 sed
668 1549 851 1609 multo
872 1550 1144 1611 comitatu
1162 1552 1437 1614 ventitare

158 1630 440 1710 domum3
477 1633 770 1716 egressibus
799 1633 1206 1712 adhaerescere3
1247 1634 1438 1718 largiri

159 1737 292 1796 opes
310 1761 327 1785 ‚
359 1716 598 1776 honores
624 1741 636 1773 t
661 1720 939 1797 postremo
957 1765 975 1789 ,
1005 1717 1159 1777 velut
1183 1718 1436 1777 transsata

160 1803 276 1878 jam
297 1793 552 1868 fortuna,
589 1795 728 1856 servi
751 1845 767 1869 ‚
797 1798 1018 1870 liberti,
1051 1820 1268 1883 paratus
1288 1802 1437 1861 Prin-

159 1879 293 1962 cipis
324 1879 471 1961 apud
498 1878 818 1939 adulterum
840 1880 1172 1942 visebantur.

244 1964 408 2022 XIII.
457 1961 549 2022 Αἰ·
596 1964 905 2024 CLAUDms
957 1965 1309 2027 matrimonii
1352 1965 1438 2028 sui

158 2046 383 2129 ignarus
412 2092 429 2117 ,
482 2053 541 2106 δε
592 2047 787 2105 munia
835 2045 1082 2107 censoria
1129 2047 1254 2108 usur
1295 2073 1389 2109 ans
1412 2099 1434 2124 ‚

168 2156 204 2182 ot
228 2126 561 2190 theatralem
606 2129 800 2213 populi
848 2129 1127 2191 lasciviam
1150 2161 1185 2185 ω
1234 2072 1436 2194 ἐνθῇς

160 2211 359 2274 εάἰᾶὶτίς
370 2213 645 2296 increpuit
660 2261 677 2286 ‚
689 2240 722 2265 oc
737 2213 890 2294 quod
903 2215 962 2273 in
976 2218 1035 2274 P.
1053 2216 1434 2297 Pomponium

160 2294 552 2356 »consularem
570 2326 603 2350 π
637 2298 713 2373 (is
735 2298 982 2357 carmina
1018 2296 1189 2359 scenae
1222 2297 1433 2378 dabat)

170 2407 206 2433 α
219 2380 390 2461 inque
413 2376 651 2439 feminas
668 2378 917 2442 inlustres
934 2381 1135 2464 probra
1151 2388 1357 2463 jecerat
1372 2411 1431 2442 ω.

162 2464 233 2523 Et
261 2462 383 2547 lege
411 2461 520 2522 lata
544 2513 561 2538 ,
604 2462 866 2523 saevitiam
899 2464 1242 2526 creditorum
1275 2488 1433 2524 coer-

161 2545 279 2619 cuit
300 2593 335 2622 ,,
355 2568 426 2608 ne
465 2547 527 2608 in
566 2568 815 2611 mortem
846 2569 1143 2635 parentum
1173 2548 1437 2634 pecunias
