1725 2983
267 132 1196 217 *ANNAL1UML113 XIL
1341 136 1417 215 8³3²

145 235 254 298 inci
295 235 355 295 it.
378 238 444 295 Et
462 233 592 294 cum
609 234 689 294 vis
710 233 1106 316 negligeretur,
1127 235 1415 295 avaritiam
1436 261 1632 288 -—-··--=

141 260 383 404 praefesti
409 339 717 379 emereatur
739 365 755 390 ‚
779 318 1088 376 obtestante
1115 318 1410 400 CasperiO,
1435 318 1484 357 A.
1503 318 1549 356 U·
1572 317 1629 357 C·

139 425 213 462 ne
246 401 420 462 socius
446 424 539 461 rex
563 448 580 474 ,
622 425 693 461 ne
717 401 990 460 Armenia
1013 448 1030 473 ,
1069 400 1286 460 donum
1312 427 1413 486 po·
1465 393 1522 435 80
1536 403 1586 443 4-

140 484 260 569 puli
299 485 586 558 Romani,
630 483 833 545 scelere
868 492 925 544 &
958 484 1192 566 pecunia
1226 508 1409 546 verte-
1460 466 1586 586 ³⁰5?

141 589 349 629 rentur.
412 570 696 628 Postremo
729 614 746 639 ‚
802 568 934 648 quia
981 565 1410 629 multitudinem
1555 560 1574 585 ⁰¹

67 657 69 660 ’
141 654 382 712 hostiurn
402 651 582 710 Pollio
603 699 619 724 ‚
637 648 772 731 jussa
796 652 961 732 patris
985 651 1375 711 Rhadamistus
1397 700 1414 725 ,

141 735 530 795 obtendebant
551 782 567 805 ‚
601 738 786 816 pactus
808 735 1059 793 inducias
1081 781 1096 806 ‚
1133 732 1377 795 abscedit
1398 761 1419 814 3

144 839 204 878 ut
241 817 341 876 nisi
376 816 781 881 Pharasmanen
822 816 974 898 bello
1012 816 1378 877 absterruiffet
1400 868 1419 892 ‚

142 904 214 962 C.
234 902 602 961 Ummidium
627 899 982 976 Quadratum
1010 901 1295 983 praefidem
1320 905 1419 981 Sy-

141 986 233 1044 riae
253 984 481 1045 doceret
505 1032 520 1056 ‚
544 1008 657 1065 quo
673 986 731 1042 in
749 985 885 1044 statu
906 984 1189 1044 Armeniae
1212 984 1421 1046 forent.

228 1071 448 1130 XLVI.
485 1069 785 1126 D1GREssu
837 1069 1176 1127 centurionis
1203 1117 1219 1141 ‚
1265 1068 1424 1128 velut.

143 1151 366 1211 custode
397 1149 669 1210 exsolutus
698 1148 983 1232 praefectus
1006 1198 1022 1222 ‚
1064 1152 1274 1210 hortari
1300 1153 1422 1210 Mi-

147 1235 431 1294 thridaten
461 1233 533 1292 ad
564 1231 928 1292 sanciendum
966 1231 1147 1293 foedus
1172 1258 1188 1312 3
1236 1263 1269 1286 cc
1291 1259 1423 1294 con-

142 1346 177 1372 :o
186 1319 537 1398 junctionem
574 1314 846 1390 fratrum,
886 1341 947 1375 ac
980 1319 1227 1400 priorem
1263 1339 1422 1379 :etate

143 1399 596 1461 „Pharasmanen
616 1448 633 1472 ,
665 1409 722 1460 &
747 1422 930 1461 cetera
958 1401 1425 1461 neceffitudinum

142 1485 471 1544 :onominaao
503 1481 748 1543 referens
769 1532 787 1557 ,
833 1485 1039 1566 ecquod
1080 1485 1256 1544 filiam
1307 1493 1426 1566 ejus

142 1569 248 1628 :nin
269 1568 636 1628 matrimonio
659 1566 925 1645 haberet3
956 1569 1113 1649 quod
1134 1567 1247 1651 ipse
1272 1569 1425 1627 Rha-

143 1652 425 1712 mdamisto
450 1650 602 1711 socer
626 1648 775 1710 effer.
802 1654 935 1709 Non
959 1652 1202 1711 abnuere
1226 1674 1425 1733 pacem
1512 1685 1518 1688 >

146 1735 380 1794 »Iberos
401 1782 418 1807 ,
455 1756 802 1815 quamquam
825 1735 884 1791 in
909 1755 1162 1816 tempore
1185 1733 1430 1793 validio-

145 1840 275 1878 :ores
306 1842 323 1894 3
386 1826 446 1877 &
495 1815 619 1875 satis
674 1818 961 1898 cognitam
1014 1818 1424 1876 Armeniorum

144 1930 180 1956 a>
190 1899 486 1984 perfidiam
514 1925 526 1957 ε
575 1922 678 1958 nec
731 1899 883 1959 aliud
933 1899 1166 1982 praesidii
1188 1949 1204 1973 ‚
1251 1901 1424 1981 quam

144 1983 475 2045 »castellum
518 2004 841 2043 commeatu
885 2006 1129 2066 egenum
1154 2009 1166 2042 ε
1207 2007 1278 2043 ne
1320 1984 1431 2043 du-

12 2095 14 2097 ·
69 2131 73 2136 ³
144 2069 395 2129 abitaret
456 2067 622 2126 armis
692 2066 1007 2126 incruentas
1073 2067 1430 2129 conditiones

146 2151 438 2212 amalle».
484 2153 806 2211 Cunctante
843 2151 914 2209 ad
952 2175 1016 2210 ea
1043 2152 1386 2211 Mithridate

146 2244 206 2296 δέ
228 2233 482 2329 suspectis
506 2231 750 2318 praefecti
775 2233 1013 2294 consiliis
1034 2283 1052 2307 ,
1091 2235 1246 2317 quod
1270 2234 1431 2319 pelli-

149 2342 277 2378 cem
324 2341 538 2402 reglam
591 2317 865 2400 polluerat
893 2367 909 2391 ‚
962 2320 1134 2400 inque
1188 2343 1426 2379 ornnem

148 2399 450 2462 libidinem
488 2401 697 2461 venalis
743 2402 1051 2462 habebatur
1077 2453 1093 2476 ‚
1131 2402 1427 2486 Casperius

147 2485 377 2545 interim
392 2486 463 2545 ad
481 2483 888 2546 Pharasmanen
908 2487 1160 2570 pervadit
1182 2513 1238 2546 :oc
1253 2508 1431 2566 utque

106 2625 116 2634 ,
149 2569 346 2631 :olberi
393 2568 608 2631 obfidio
660 2569 941 2633 decedant
967 2620 986 2648 ,
1010 2603 1045 2628 ω
1104 2569 1427 2653 expostulat.

1066 2656 1127 2715 D
1171 2662 1226 2737 vj
