1637 2917
371 154 859 203 'ANNALMJM
920 141 1196 202 No-rAE.
1304 149 1424 221 489

212 236 575 293 pulcherrimum
613 242 828 293 animum.
878 241 1071 305 Quam&
1109 241 1241 290 nobis
1276 239 1428 292 sanior

145 317 280 357 ‘mens
308 307 481 358 sacram
509 310 870 377 inviolatamque
904 308 1288 374 effe-Principum
1324 327 1431 358 ma-

151 375 355 436 jestatem
379 385 388 423 l
427 375 481 423 Id
512 379 627 425 ratio
650 414 662 436 ,
698 375 745 423 id
767 375 930 441 religio
962 375 1143 423 clamat.
1175 375 1230 422 Id
1251 373 1308 424 ad
1326 375 1427 424 Ro·-

146 456 311 489 manos
345 442 438 503 jam
474 441 705 510 scripserat
738 441 802 491 D.
827 440 991 490 Paulus
1012 476 1028 502 ,
1063 441 1151 508 Ep.
1187 442 1246 491 ad
1285 441 1428 490 Rom.

147 502 301 568 XIII,
334 525 351 556 1
380 515 425 556 ὃ(
452 528 495 557 2.

208 637 337 688 CAP.
357 638 440 689 LI.
483 635 816 706 Claffi'ariorum
854 636 1192 706 Misenensium.
1226 638 1303 689 De
1337 640 1427 691 hac

142 702 279 753 classe
301 705 476 755 ἆίθωιῃ
498 704 631 770 supra}
655 706 830 754 Annal.
851 705 941 766 IV,
965 720 1008 765 5.

212 769 523 820 chiliarchus,
560 770 658 834 Qui
683 772 810 820 mille
835 773 1050 820 militibus
1085 772 1258 837 praeest.

204 834 368 902 Neque
371 836 560 901 senatui
578 835 684 903 quid
698 854 897 887 manere.
913 837 1083 906 Neque
1102 836 1273 886 senatui
1289 838 1429 905 quid‘

144 916 287 969 quam
330 902 436 953 fidei
466 920 577 970 erga
616 903 859 952 Neronem
898 921 1086 952 manere
1109 923 1119 951 :
1153 903 1228 952 sed
1266 904 1322 951 ab
1363 921 1424 952 eo

136 965 378 1082 {rovisum
401 987 609 1039 quonam
636 970 776 1021 modo
794 988 958 1038 poenas
983 967 1141 1021 eversae
1163 969 1426 1035 reipublicae

179 1050 289 1084 aret.

473 1125 485 1142 Ι

207 1165 335 1217 CAP.
353 1167 459 1220 LII.
494 1168 818 1236 Fortunaeficae
840 1168 971 1219 mole.
1008 1166 1209 1237 Egregie
1234 1168 1424 1217 dicium.

140 1229 359 1285 Excubiae
384 1239 511 1287 enim
535 1235 635 1287 sunt
665 1241 836 1305 pariter
868 1235 1061 1285 fortunae
1091 1235 1349 1303 praesidium
1377 1241 1427 1283 δε

140 1301 304 1350 moles.

202 1364 263 1416 L.
287 1366 499 1418 Silanus.
535 1368 606 1416 Μ.
632 1368 761 1421 Junii
786 1369 933 1417 Silani
953 1367 1069 1418 filius
1088 1407 1101 1429 ,
1131 1369 1328 1436 Augusti
1353 1382 1427 1417 at·-

142 1449 307 1498 nepos.
342 1433 466 1484 Vide
491 1434 698 1486 Stemma,
717 1432 976 1494 Caesarum,
1007 1453 1136 1483 num.
1158 1451 1234 1495 59.
1402 1494 1408 1496 Α

197 1497 255 1563 C.
274 1498 424 1565 chffii.
441 1499 500 1548 C.
526 1500 700 1548 Caffius
727 1503 915 1548 maritus
935 1501 1128 1565 Lepidae
1153 1539 1166 1560 ‚
1196 1501 1255 1549 L.
1270 1498 1422 1569 Silani

138 1567 310 1614 amitae.
357 1564 481 1616 Vide
516 1565 722 1614 Stemma
753 1564 984 1613 Caesarum
1003 1604 1015 1625 ‚
1045 1584 1172 1613 num.
1193 1574 1253 1623 64
1276 1572 1320 1612 &
1347 1573 1427 1626 65.

139 1630 202 1679 L.
229 1631 412 1680 Silanus
429 1668 442 1692 ,
468 1631 709 1680 interfesto
728 1647 858 1695 patre
883 1629 962 1679 suo
982 1630 1052 1679 M.
1070 1630 1099 1685 J
1104 1633 1216 1680 unio
1231 1631 1392 1680 Silano
1407 1668 1424 1694 ,

139 1697 265 1763 apud
300 1696 360 1747 C.
386 1697 587 1746 Caffium
622 1696 836 1745 educatus
864 1696 1023 1746 fuerat.
1138 1700 1141 1701 ⁷

205 1761 295 1812 Sui
320 1763 523 1812 muneris
542 1761 864 1826 rempublicam
882 1761 1083 1827 faceret.
1104 1761 1184 1811 Ne
1203 1763 1261 1811 ad
1279 1762 1425 1812 liber⁴

142 1842 280 1878 tatem
302 1829 623 1879 restituendam
647 1845 906 1880 moveretur
925 1848 940 1892 3
973 1830 1045 1879 vel
1059 1868 1072 1890 ‚
1107 1827 1139 1876 fi
1161 1829 1425 1894 Imperato-

137 1912 236 1943 rem
264 1895 466 1964 deligere
491 1912 717 1946 teneretur
738 1935 751 1958 ,
775 1897 1109 1962 rempublicam
1133 1894 1196 1944 sui
1219 1898 1428 1946 muneris

136 1960 309 2011 faceret
326 2001 340 2023 ,
375 1980 573 2030 eumque
598 1978 770 2011 crearet
790 1964 1124 2028 Imperatorem
1141 2001 1155 2024 ‚
1186 1980 1327 2030 quem
1344 1962 1429 2016 fibi

140 2041 270 2078 tanto
290 2046 482 2079 munere
503 2032 651 2096 magis
676 2029 939 2078 devin&um
963 2026 1107 2078 sciret.

206 2158 335 2210 CAP.
355 2159 486 2209 LIII.
525 2158 802 2228 Circensium
838 2157 1042 2210 ludorum
1075 2159 1166 2210 die.
1200 2160 1323 2210 Sane
1348 2161 1425 2211 die

143 2243 200 2284 19
225 2226 416 2291 Aprilis.
454 2225 667 2276 Eo'enim
689 2225 789 2293 ipso
812 2226 885 2276 die
903 2243 1031 2276 etant
1047 2228 1141 2276 ludi
1162 2227 1388 2277 Cerealici
1403 2266 1422 2290 ‚

138 2298 185 2340 &
202 2290 442 2341 Circenses
457 2331 470 2353 ,
489 2308 538 2341 ut
555 2294 707 2343 videre
726 2295 787 2342 est
807 2297 857 2343 in
875 2294 1096 2344 veteribus
1111 2294 1421 2344 Kalendariis.

139 2357 254 2421 Qud
275 2357 331 2407 de
352 2376 401 2407 re
418 2361 552 2425 plura
573 2359 767 2409 diximus
793 2362 842 2409 in
868 2363 1023 2428 priore
1051 2360 1252 2411 editione
1269 2400 1284 2423 ‚
1317 2378 1424 2427 quae

139 2422 218 2472 hic
249 2441 454 2490 repetere
477 2424 600 2473 haud
627 2427 766 2487 juvat.

171 2495 175 2498 “
207 2488 392 2551 Templo
415 2489 594 2540 Salutis
618 2492 667 2553 idn
691 2490 904 2541 Etrurid.
925 2492 982 2539 In
1005 2509 1099 2561 quo
1121 2490 1308 2540 Etruriae
1329 2500 1422 2555 op-'

141 2556 255 2623 pido
285 2555 418 2604 fuerit
449 2557 497 2605 id
527 2559 751 2626 templum
785 2560 1040 2628 ignoratur.
1074 2554 1212 2608 Forte
1244 2555 1424 2620 redum:

143 2622 255 2672 dant
288 2621 338 2674 in
374 2620 587 2681 Etruria.
1106 2685 1158 2736 X

1060 2718 1066 2724 -
1196 2706 1223 2738 v
