1725 2983
403 161 1222 219 ANNAL1UML113.XI.
1375 179 1448 233 19

180 282 214 318 a
253 256 431 318 Vibio
474 257 666 317 Marso
695 305 713 331 ,
758 258 917 337 Syriae
959 256 1143 339 legato
1167 306 1183 331 ‚
1228 255 1443 317 bellum
1466 281 1660 315 ῑΞΞ·

181 341 480 400 minitante
497 389 514 415 ,
535 343 811 400 cohibitus
828 339 992 400 foret.
1011 341 1200 420 Atque
1218 342 1444 400 interim
1467 336 1518 378 Α·
1539 337 1589 375 U.
1608 333 1664 381 C·-

107 425 124 433 ”
180 426 449 484 Gotarzes
498 424 815 508 paenitentia
861 423 1102 483 conceffi.
1143 426 1344 505 regni,
1389 435 1446 484 &
1511 412 1621 454 80⁰⁸

178 528 474 567 revocante
508 508 802 568 nobilitate
827 556 843 581 ,
891 507 980 566 cui
1010 508 1067 564 in
1098 521 1231 588 pace
1260 508 1448 567 durius
1507 489 1547 529 ³⁸
1576 487 1630 528 C'

177 588 464 650 servitium
493 593 568 650 est
588 639 606 664 ,
648 592 927 651 contrahit
956 591 1138 672 copias
1166 616 1177 648 ε
1222 598 1280 649 &
1318 591 1448 649 huic
1535 572 1620 617 4⁷*

180 675 372 733 contra
398 676 539 734 itum
563 674 635 733 ad
658 699 888 734 amnem
911 674 1186 733 Erinden:
1212 674 1269 731 in
1297 680 1450 754 cujus

179 755 505 840 transgressu
529 758 774 818 multum
798 779 1008 818 certato
1030 805 1048 830 ,
1072 757 1303 840 pervicit
1324 759 1454 815 Bar-

92 848 95 851 ’
179 838 385 912 daneS,
424 839 799 923 prosperisque
845 842 1052 925 proeliis
1097 840 1310 899 medias
1353 863 1455 899 na·-

177 923 359 982 tiones
392 921 610 1005 >subegit
646 927 717 984 ad
751 925 964 984 flumen
1004 924 1213 984 Sinden
1241 971 1258 996 ,
1297 924 1454 1004 quod

177 1006 368 1067 Dahas
398 1005 672 1088 Ariosque
705 1008 1068 1082 disterminat.
1125 1007 1213 1066 lbi
1247 1005 1453 1065 modus

178 1089 339 1149 rebus
358 1088 610 1149 secundis
629 1091 860 1173 positus:
882 1115 1015 1149 nam
1030 1090 1237 1162 Parthi,
1256 1112 1454 1169 quam-

177 1195 349 1254 quam
402 1173 637 1234 victores
678 1222 696 1245 ,
755 1173 1126 1256 longinquam
1184 1172 1453 1231 militiam

176 1254 620 1338 aspernabantur.
665 1258 844 1339 Igitur
873 1304 890 1328 ‚
933 1257 1209 1316 exstructis
1263 1256 1455 1314 moni-

176 1339 383 1399 mentis
404 1387 422 1411 ,
453 1340 652 1420 quibus
676 1364 807 1422 opes
832 1338 948 1399 suas
973 1340 1269 1410 testabatur
1290 1387 1308 1412 ,
1347 1362 1453 1399 nec

175 1422 439 1503 cuiquam
485 1425 612 1482 ante
656 1423 1049 1482 Arsacidarum
1093 1423 1300 1483 tributa
1341 1422 1453 1481 illis

177 1504 249 1565 de
298 1505 557 1587 gentibus
601 1528 796 1590 parra,
849 1506 1203 1589 regreditur:
1253 1506 1454 1587 ingens

176 1587 352 1672 gloria
375 1636 393 1660 ,
435 1610 601 1668 atque
649 1592 718 1647 eo
766 1588 1050 1661 ferocior,
1091 1598 1148 1649 δε
1194 1587 1453 1669 subjecstis

174 1670 565 1732 intolerantior
591 1696 604 1729 ε
648 1672 745 1752 qui
783 1672 919 1731 dolo
945 1673 1073 1731 ante
1100 1669 1412 1754 composito
1429 1716 1453 1743 ,

175 1756 464 1813 incautum
508 1755 907 1833 venationique
947 1756 1232 1813 intentum
1273 1754 1454 1812 inter-

149 1882 155 1885 -
177 1835 360 1897 fecere
380 1884 396 1908 ,
424 1835 667 1919 primam
692 1837 838 1894 intra
860 1846 1148 1918 juventam
1175 1883 1191 1908 ‚
1225 1834 1322 1895 sed
1349 1836 1454 1896 cla-

174 1919 420 1980 ritudine
465 1941 667 2002 paucos
711 1920 859 1978 inter
903 1918 1099 1979 senum
1142 1941 1375 2002 regum,
1412 1918 1453 1979 fi

176 2003 409 2089 perinde
437 2025 693 2062 amorem
723 2004 868 2071 inter
897 2001 1188 2087 populares
1217 2050 1235 2075 ‚
1274 2002 1450 2083 quam

175 2108 396 2147 metum
433 2086 580 2169 apud
622 2085 800 2147 hostes
827 2135 844 2160 ‚
891 2084 1228 2168 quaefiviffet.
1292 2088 1451 2146 Nece

174 2170 439 2231 Bardanis
483 2169 711 2230 turbatae
753 2170 1086 2230 Parthorum
1133 2193 1216 2229 res
1239 2216 1256 2240 ‚
1302 2169 1451 2229 inter

174 2254 468 2335 ambiguos
491 2302 507 2326 ,
546 2254 670 2334 quis
705 2253 765 2313 in
805 2277 1043 2335 regnum
1086 2255 1447 2336 acciperetur.

175 2337 356 2399 Multi
378 2335 450 2396 ad
478 2341 761 2396 Gotarzen
784 2337 1170 2413 inclinabant3
1212 2335 1450 2416 quidam

177 2421 248 2480 ad
264 2421 642 2481 Meherdaten
659 2469 675 2492 ‚
699 2420 915 2502 prolem
931 2420 1177 2480 Phraatis
1192 2467 1208 2491 ,
1227 2417 1448 2477 'obsidio

177 2505 337 2564 nobis
360 2504 573 2564 datum.
592 2504 821 2564 Deinde
842 2504 1122 2587 praevaluit
1143 2506 1409 2562 Gotarzes
1431 2525 1447 2559 ι

175 2586 490 2673 potitusque
509 2589 722 2673 regiam
736 2636 754 2663 ,
779 2611 874 2673 per
889 2587 1154 2652 saevitiem
1170 2609 1229 2646 ac
1249 2584 1456 2651 luxum,
