1637 2917
223 115 307 155 ιτ
349 93 656 155 Nanom
700 93 1222 153 anchptnus.
1295 114 1413 174 547

135 191 274 244 hendi
306 193 418 253 ceris
447 184 869 258 obliteratio'potqst
884 232 900 254 ‚
922 191 1040 240 Plin.
1063 191 1306 254 XXXIV,
1330 212 1378 251 7.

197 258 302 309 Nec
330 262 500 309 mirum
530 259 754 309 fundendi
794 261 892 307 aeris
922 256 1155 308 scientiam
1225 259 1368 308 eriiffe
1386 299 1401 323 ,

129 324 237 384 curn
256 343 372 374 aerea
394 326 723 393 perfeffiffimae
743 328 849 375 artis
867 342 1172 374 monumenta
1184 278 1407 392 grinceps

133 410 247 441 auro
295 392 570 460 deturparet.
637 392 769 442 Fecit
809 389 1041 457 Lyfippus
1085 391 1406 442 Alexandrum

129 457 363 525 Magnum
388 460 546 510 multis
578 458 816 522 operibus,
853 475 880 506 a
908 458 1106 518 pueritia
1139 458 1237 522 ejus
1266 460 1406 523 orsus.

130 523 290 640 guam
315 524 522 591 statuam
562 526 774 576 inaurari
811 522 935 591 juffit
974 523 1102 573 Nero
1143 523 1407 588 Princeps,

163 589 380 641 electatus
400 590 637 643 admodum
655 591 754 643 illd.
782 590 918 640 Dein
941 591 1043 639 cum
1065 591 1210 654 pretio
1231 592 1411 659 periffet

127 658 291 724 gratia
321 659 470 720 artis,
502 657 751 708 detrae'ium
781 655 839 723 est
870 673 1031 705 aurum
1050 676 1066 704 .-
1091 657 1411 723 pretiqsiorque

128 723 240 773 talis
269 724 547 800 existimatur
564 764 580 787 ‚
615 724 752 774 etiam
776 721 1071 771 cicatricibus
1099 725 1248 785 operis
1274 740 1410 790 atque

129 789 379 855 concitaris
397 830 414 854 ,
450 792 500 840 in
530 789 689 852 quibus
716 806 877 839 aurum
908 787 1094 854 haeserat
1113 829 1128 852 ‚
1163 807 1410 839 remanen-

126 855 264 906 tibus.
300 855 420 907 Pfin.
445 855 689 919 XXXIV,
714 861 758 905 8.
793 854 899 904 sest.
928 873 1002 913 19.
1028 873 1157 903 num.
1185 864 1230 904 6.

193 921 309 971 Hoc
341 922 502 972 insano
530 925 640 973 luxu
669 962 682 986 ‚
731 922 958 990 indignus
987 925 1066 990 qui
1103 923 1269 971 divinae
1303 924 1410 971 artis

132 991 355 1040 miracula
389 989 661 1057 poffidetet,
696 1008 858 1038 eorum
893 1005 1045 1038 tamen
1076 989 1294 1038 defiderio
1323 991 1413 1038 fla·-

130 1057 310 1123 gravit,
344 1063 388 1106 ὅ(
417 1074 578 1123 praeter
605 1057 885 1125 Olympicas
913 1057 1102 1117 statuas„
1133 1059 1411 1124 quingentas

126 1140 261 1171 aereas
295 1160 307 1183 ,
347 1140 443 1172 tum
497 1124 632 1173 deum
658 1163 670 1183 ,
716 1140 813 1171 tum
864 1121 1109 1171 hominum
1132 1161 1145 1183 ‚
1182 1124 1412 1189 imagines

125 1188 329 1254 Delphis
353 1188 587 1256 subripuit.
627 1188 873 1240 Pausanias
891 1189 955 1250 V,
979 1197 1092 1248 446.
1117 1195 1162 1237 &
1182 1188 1232 1237 X
1254 1227 1267 1250 ,
1300 1192 1412 1250 813.

193 1255 361 1303 Cetera
386 1257 437 1304 N
440 1260 591 1306 eronis
612 1257 742 1305 luxus
768 1273 864 1303 non
892 1254 1139 1323 persequar
1158 1294 1170 1316 ‚
1207 1272 1265 1302 ne
1302 1254 1415 1304 infi-

125 1323 246 1369 nitus
267 1320 363 1369 sun.
397 1323 608 1372 Dixerim
627 1321 804 1373 tantum
827 1320 1104 1371 tricliniaria
1126 1319 1410 1388 Babylonia,

125 1386 204 1436 des
244 1390 362 1452 tapis
402 1406 524 1453 pour
563 1391 628 1437 les
672 1391 742 1436 lits
778 1387 803 1435 εὶ
844 1405 1040 1453 manger
1068 1427 1082 1448 ‚
1132 1386 1413 1453 quadragies

107 1451 313 1520 ⁹sestertio
346 1493 360 1515 ‚
415 1451 611 1503 Gallicae
656 1468 855 1501 monetae
903 1454 1026 1501 libris
1071 1458 1278 1516 778,315
1309 1491 1322 1513 ,
1370 1456 1414 1502 ei

124 1517 286 1568 stetisse
303 1556 319 1579 ‚
352 1518 475 1567 Plin.
497 1519 652 1578 VIII,
686 1523 765 1578 48.
797 1516 920 1565 Eum
953 1523 1162 1567 trecentis
1191 1520 1369 1566 talentis
1394 1558 1412 1581 ,

127 1583 326 1635 Gallicae
366 1602 567 1634 monetae
599 1585 724 1634 libris
752 1599 959 1647 35o‚150
981 1622 996 1645 ‚
1031 1582 1248 1648 Capidem
1277 1602 1418 1634 unam

129 1650 419 1701 murrhinam
445 1651 689 1718 paravffl’.
733 1648 1039 1700 Memoranda
1069 1668 1144 1700 res
1173 1650 1292 1701 tanti
1315 1649 1417 1699 Im-

124 1732 383 1835 ςῧῧὲξῗηῑ
434 1733 700 1786 patremque
748 1716 917 1779 patriae
967 1715 1115 1784 bibzffi³
1153 1722 1173 1766 !
1238 1716 1414 1767 Plinius
1446 1766 1449 1769 .

336 1784 381 1831 II
404 1822 417 1843 ,
457 1804 502 1832 2.

198 1849 426 1917 Principis
468 1851 577 1900 vitia
614 1851 664 1898 in
711 1848 922 1915 publicos
966 1864 1116 1896 mores
1160 1847 1417 1912 tranfiere3

131 1917 500 1984 pervulgataque
550 1932 895 1984 unguentorum
943 1912 1132 1962 insania.
1196 1913 1415 1966 Vidimus

128 1983 268 2031 eiiam
304 1982 490 2050 vestigia
516 1981 682 2045 pedum
716 1981 835 2048 tingi
869 1999 886 2028 .·
922 1979 1036 2045 quod
1074 1980 1147 2031 M.
1185 1979 1414 2032 Othonem

132 2048 385 2115 monstraffe
418 2048 598 2098 Neroni
636 2046 853 2110 Principi
881 2045 1115 2110 ferebant.
1162 2046 1327 2114 Quaeso
1363 2064 1414 2098 ut

129 2113 322 2181 qualiter
339 2114 592 2178 sentiretur
616 2152 632 2174 ,
661 2115 931 2180 juvaretque
950 2152 966 2177 ‚
998 2112 1056 2162 ab
1079 2114 1133 2163 eci
1151 2129 1282 2178 parte
1306 2132 1414 2165 cor-

128 2180 270 2247 poris:
307 2180 428 2229 Plin.
450 2179 604 2243 XIII,
638 2199 681 2246 3.

195 2247 250 2295 In
277 2247 364 2298 hac
386 2246 577 2298 fortunae
597 2247 796 2298 fatietate
811 2286 823 2308 ‚
858 2247 994 2295 unica
1017 2263 1125 2297 cura
1147 2249 1412 2314 excogitare

130 2331 255 2362 nova
277 2314 408 2363 luxus
437 2331 624 2382 genera.
655 2312 883 2364 Fastiditis
909 2331 1023 2380 ergo
1048 2316 1097 2363 in
1128 2312 1412 2381 supelleetile

131 2382 266 2445 ligno
311 2387 356 2428 &
397 2380 537 2430 ebore
560 2420 574 2443 ‚
625 2379 806 2450 quaefita
847 2384 892 2425 &-
930 2380 1180 2430 adulterata
1217 2380 1408 2430 testudo.

133 2444 320 2497 Placuit
345 2445 506 2496 deinde
535 2448 769 2498 materiam
801 2443 852 2494 ὓ
882 2444 929 2493 in
957 2447 1072 2496 mari
1101 2447 1257 2513 quaeri.
1293 2446 1408 2511 Tes-

133 2512 241 2563 tudo
264 2513 316 2578 in
347 2512 427 2562 hoc
443 2512 583 2578 sefla.
623 2514 871 2577 Nuperque
905 2512 1173 2580 portentqsis
1204 2512 1409 2580 ingeniis

134 2578 404 2646 Principatu
428 2580 635 2635 Neronis
661 2581 899 2633 inventum
918 2617 936 2646 ‚
971 2594 1020 2633 ut
1032 2579 1282 2649 pigmentis
1295 2595 1413 2643 pere
