1725 2983
289 165 358 214 28
466 158 537 216 C.
582 155 1025 214 CORNELII
1079 158 1375 217 TA01T1

72 308 261 316 ,...-
285 254 469 314 rendis
492 256 645 315 venis
669 255 915 338 argenti:
941 254 1088 313 unde
1113 258 1291 315 tenuis
1314 256 1552 325 fruc'tusj

69 336 121 375 A.
143 336 187 372 U·
212 333 259 374 C.
285 361 386 398 nec
421 340 480 397 in
510 338 746 422 longum
776 337 900 397 fuit.
950 338 1028 396 At
1062 336 1374 420 legionibus
1417 365 1549 400 cum

115 410 223 452 30⁰·
284 421 494 480 damno
519 421 708 494 labor,
746 420 991 481 effodere
1023 421 1167 479 rivos
1191 469 1207 492 ‚
1239 446 1467 504 quaeque
1490 426 1551 483 in

101 490 142 528 δ’
174 491 222 530 C.
281 527 471 588 aperto
496 506 680 588 gravia
700 553 716 576 ,
740 505 978 563 humum
1003 501 1146 560 infra
1172 506 1359 563 moliri
1385 531 1396 562 :
1426 506 1548 587 quis

129 574 209 615 47·
277 588 528 648 subactus
561 587 720 646 miles
746 636 761 659 ‚
805 596 862 646 &
901 588 1031 667 quia
1070 585 1251 667 plures
1289 610 1385 669 per
1426 611 1551 670 pro-

275 673 480 732 vincias
526 671 722 729 similia
777 670 1154 729 tolerabantur
1186 717 1201 740 ‚
1254 672 1549 752 componit

275 754 517 815 occultas
541 754 723 814 literas
748 754 980 812 nomine
1007 753 1351 811 exercituum
1376 801 1392 824 ,
1425 777 1550 836 pre-

274 840 524 897 cantium
548 841 954 920 Imperatorem
980 884 995 908 ,
1031 856 1137 893 <cut
1155 883 1170 907 ‚
1202 836 1404 915 quibus
1426 860 1547 919 per-

270 920 571 981 aomiss‘urus
617 919 748 980 effer
790 920 1057 979 exercitus
1100 966 1116 990 ,
1185 919 1544 1002 triumphalia

269 1008 439 1065 manre
479 1006 745 1063 tribueret
763 1033 819 1062 υ).

350 1091 511 1147 XXI.
538 1090 630 1147 DE
665 1107 906 1145 ORIGINE
944 1084 1131 1142 Curtii
1157 1083 1288 1143 Rufi
1314 1131 1330 1156 ,
1367 1108 1541 1165 quem

271 1171 578 1253 gladiatore
621 1170 877 1252 genitum
922 1166 1155 1247 quidam
1202 1167 1500 1248 prodidere
1521 1217 1539 1242 ‚

269 1278 453 1336 neque
477 1253 608 1313 falsa
636 1249 1004 1335 prompserim
1027 1298 1043 1322 ‚
1087 1259 1145 1310 δε
1168 1272 1296 1308 vera
1320 1249 1541 1334 exsequi

268 1340 459 1421 pudet.
494 1339 788 1418 Postquam
817 1333 1094 1405 adolevit,
1118 1332 1352 1392 sectator
1372 1334 1540 1414 quaefi-

268 1423 402 1480 toris
424 1470 440 1494 ‚
481 1422 569 1480 cui
593 1419 788 1480 Africa
821 1417 1100 1499 obtigerat
1122 1464 1138 1488 ‚
1177 1415 1315 1474 dum
1346 1417 1405 1474 in
1435 1441 1538 1500 op·-

267 1505 402 1588 pido
426 1504 745 1564 Adrumeto
780 1501 960 1561 vacuis
994 1523 1091 1582 per
1129 1498 1385 1557 medium
1422 1501 1537 1561 diei

265 1589 570 1670 porticibus
586 1586 821 1646 secretus
838 1585 1009 1666 agitat
1024 1631 1039 1655 ‚
1058 1582 1245 1641 oblata
1262 1583 1313 1642 ei
1332 1582 1536 1666 species

264 1671 554 1731 muliebris
603 1669 746 1729 ultra
789 1666 1028 1726 modum
1076 1666 1388 1724 humanum
1416 1713 1433 1739 ‚
1478 1676 1537 1728 &

266 1754 457 1815 audita
492 1756 566 1813 est
601 1775 748 1811 vox:
786 1752 931 1809 ccTu
974 1772 1029 1808 es
1054 1795 1069 1819 ‚
1114 1746 1263 1807 Rufe
1284 1796 1300 1819 ,
1342 1751 1441 1830 qui
1472 1751 1534 1811 in

264 1839 451 1896 „hanc
486 1835 832 1919 provinciam
869 1854 969 1912 pro
1008 1829 1229 1888 consule
1271 1833 1457 1891 venies
1473 1863 1533 1894 ω,

263 1920 395 1980 Tali
418 1921 610 1978 omine
634 1919 692 1975 in
710 1915 863 1998 spem
882 1912 1140 1983 sublatUS‚
1158 1912 1532 1996 digreffusque
1592 1958 1608 1964 „

262 2005 321 2063 in
340 2003 560 2063 Urbem
583 2049 598 2073 ‚
620 2010 677 2061 &
697 1998 989 2080 largitione
1009 1996 1316 2054 amicorum
1335 2043 1351 2068 ‚
1369 1995 1532 2057 simul

263 2089 377 2147 acri
399 2086 627 2168 ingenio
652 2132 667 2156 ‚
692 2082 1012 2163 quaesturam
1032 2127 1048 2151 ,
1079 2087 1136 2138 δέ
1160 2102 1291 2136 mox
1313 2079 1531 2141 nobiles

262 2172 408 2230 inter
445 2167 767 2228 candidatos
799 2184 1089 2247 praeturam
1113 2162 1380 2244 Principis
1417 2161 1527 2221 suf-

263 2253 443 2336 fragio
472 2251 788 2332 adsequitur
813 2273 825 2305 ε
847 2247 999 2305 cum
1037 2242 1180 2303 hisce
1221 2245 1400 2304 verbis
1426 2248 1528 2305 Ti·-

262 2338 444 2397 berius
485 2335 725 2395 dedecus
765 2329 1033 2389 natalium
1063 2335 1175 2408 ejus
1204 2327 1485 2388 velaviffet
1506 2378 1524 2403 ,

269 2419 534 2479 «Curtius
551 2416 727 2478 Rufus
739 2414 959 2474 videtur
979 2412 1121 2470 mihi
1138 2434 1203 2470 ex
1217 2409 1270 2470 se
1292 2433 1448 2471 natus
1466 2442 1524 2474 υ..

262 2503 459 2584 Longa
482 2504 597 2586 post
619 2502 728 2558 haze
754 2495 968 2557 feneita
990 2544 1006 2568 ‚
1053 2503 1108 2554 ὃ(
1145 2493 1400 2553 adversus
1437 2494 1523 2554 su-
1559 2533 1561 2536 -

260 2589 500 2672 periotes
523 2586 658 2648 tristi
681 2580 998 2643 adulatione
1018 2626 1035 2652 ,
1060 2599 1316 2661 arrogans
1340 2577 1536 2647 mino<
