1659 2917
252 148 714 194 'ANNAtruM
760 132 928 191 L113.
969 130 1104 192 XV.
1220 151 1344 209 245·

0 258 12 297 f
60 221 236 313 legati
280 232 612 292 Parthorum
663 229 929 289 mandata
973 231 1116 312 regis
1158 231 1337 292 Volo-

0 306 6 366 ἱ
67 313 201 394 gefis
245 362 261 386 ‚
318 313 609 396 literasque
660 315 720 371 in
774 311 1038 371 eamdem
1089 312 1334 375 formam

0 395 1 398 ’
61 395 297 457 attulere
328 424 339 456 :
374 400 493 457 ccSe
531 398 754 481 priora,
796 403 854 456 δε
895 396 1100 454 totiens
1136 402 1333 477 jadbata

59 477 262 562 »super
299 480 607 540 obtinenda
636 477 908 540 Armenia
930 524 946 550 ,
991 501 1139 537 nunc
1164 482 1332 540 omit-

58 582 220 621 wtere
243 611 258 635 ‚
288 565 558 645 quoniam
581 563 699 636 dii,
733 562 987 644 quamvis
1012 564 1334 644 potentium

58 671 94 696 ω
106 647 440 727 populorum
456 647 647 705 arbitri
665 694 681 718 ‚
701 643 1085 728 poffessionem
1099 647 1335 720 Parthi8‚

58 751 219 786 annon
250 729 360 789 fine
392 728 706 811 ignominia
732 727 994 788 Romana
1019 775 1035 800 ,
1078 729 1334 787 tradidis-

57 808 237 869 aesent.
306 814 498 896 Nuper
543 810 788 872 clausum
831 812 1123 892 Tigranen
1150 835 1167 889 3
1215 815 1334 895 post

54 895 308 952 »Paetum
363 894 720 977 legionesque
753 943 770 967 ‚
828 894 961 954 cum
1011 896 1334 977 opprimere

51 974 270 1058 :opoffet
288 1027 303 1050 ‚
330 978 642 1038 incolumes
665 975 947 1037 dimififfe.
976 979 1113 1037 Satis
1133 1002 1331 1061 appro-

50 1060 284 1118 »batam
311 1062 466 1119 vim:
506 1062 701 1121 datum
738 1070 795 1120 &
832 1060 1074 1120 lenitatis
1111 1064 1328 1143 experi-

50 1165 373 1217 aomentum.
440 1146 560 1204 Nec
613 1143 987 1203 recusaturum
1028 1145 1329 1206 Tiridaten

49 1227 422 1309 ”accipiendo
445 1227 753 1287 diademati
776 1229 834 1284 in
854 1226 1077 1286 Urbem
1098 1229 1287 1288 venire
1306 1276 1328 1301 ,

45 1308 191 1366 annisi
212 1309 503 1369 sacerdotii
531 1310 803 1392 religione
829 1310 1176 1376 attineretur.
1209 1314 1326 1371 Itu-

43 1413 214 1450 aarum
240 1392 311 1450 ad
347 1391 495 1475 figna
521 1402 578 1453 δε
607 1391 818 1475 effigies
841 1393 1108 1475 Principis
1126 1441 1142 1465 ,
1182 1393 1278 1453 ubi
1303 1414 1329 1467 ,¹

41 1473 402 1556 »legionibus
444 1498 637 1535 coram
659 1523 677 1550 ,
726 1499 969 1559 regnum
1011 1475 1325 1559 auspicaref

47 1578 181 1617 atur
196 1588 229 1612 2)
242 1605 255 1619 ,

123 1642 319 1701 XXV.
343 1642 608 1700 TAmos
625 1640 921 1724 Vologesis
946 1639 1119 1700 literis
1140 1687 1158 1713 ,
1189 1642 1322 1722 quia

26 1724 214 1782 ‘Paetus
245 1721 456 1782 diversa
479 1771 496 1795 ,
532 1744 824 1806 tamquam
850 1724 1013 1784 rebus
1040 1724 1272 1806 integris
1298 1772 1318 1798 ‚

26 1802 313 1865 scribebat
329 1853 345 1878 ,
367 1807 737 1890 interrogatus
761 1808 1017 1867 centurio
1036 1853 1053 1878 ‚
1072 1807 1321 1887 quicum

26 1886 235 1972 'legatis
260 1889 592 1964 advenerat,
624 1920 658 1943 ct
672 1914 788 1972 quo
809 1891 870 1949 in
892 1893 1029 1949 statu
1043 1889 1319 1951 Armenia

37 1970 300 2044 meffetm?
341 1997 588 2035 ocomnes
626 1974 763 2033 inde
803 1976 1096 2033 Romanos
1130 1972 1318 2035 exces-

37 2054 195 2116 »fiffe
211 2086 245 2109 πο
272 2055 572 2139 respondit.
620 2059 780 2117 Tum
803 2057 1093 2118 intellecto
1119 2057 1316 2117 barba-

40 2159 232 2198 torum
278 2139 448 2200 inrisu
474 2189 491 2214 ‚
536 2142 633 2223 qui
675 2162 931 2224 peterent
955 2189 973 2214 ,
1019 2140 1174 2222 quod
1204 2142 1317 2201 eri-

37 2242 269 2305 puerant
284 2269 300 2294 ,
325 2223 599 2284 consuluit
617 2226 764 2285 inter
785 2226 1056 2307 primores
1076 2225 1315 2285 civitatis

1358 255 1550 284 ὕ

1360 310 1406 350 A.
1429 313 1480 349 U.
1493 312 1545 351 C.

1401 382 1504 425 816.

1392 456 1431 495 J.
1459 455 1514 496 C.

1409 526 1490 580 63.

36 2306 191 2365 Nero
209 2333 271 2377 ,α
293 2305 509 2366 bellum
537 2332 769 2391 ancep8,
799 2332 869 2366 an
896 2332 998 2391 pax
1021 2308 1313 2369 inhonesta.
1389 2319 1402 2325 ‘

35 2387 323 2471 aplaceret
338 2418 397 2456 zo,-
435 2392 555 2449 Nec
579 2391 903 2452 dubitatum
929 2391 1001 2450 de
1025 2391 1195 2451 bello,
1241 2395 1312 2452 Et

38 2470 295 2531 Corbulo
318 2518 336 2545 ,
373 2493 457 2534 tot
491 2497 590 2557 per
627 2498 803 2534 annos
848 2474 1098 2534 militum
1139 2496 1309 2555 atque

581 2610 617 2642 ζ)

32 2552 277 2631 hostium
304 2576 502 2639 gnatus
522 2605 539 2632 ,
582 2558 837 2620 oerendae
867 2560 948 2619 rei
977 2557 1266 2640 praeficitur
1288 2602 1308 2631 ‚

964 2643 1012 2702 L
1058 2640 1135 2719 iij-
