1637 2917
353 114 1102 179 ANNArtoMNoTAE.‘
1241 102 1392 194 4711

155 217 217 269 Si
232 216 438 286 fingulis
471 213 851 276 manipularibus.
889 215 970 276 Si,
1007 214 1072 265 uti
1098 232 1201 265 mos
1231 233 1369 280 erat,

8 339 10 341 ,
91 285 279 353 fingulis
309 283 526 332 militibus
541 320 554 341 ‚
579 284 660 348 qui
678 283 825 329 civem
845 278 1109 343 servassent,
1131 286 1370 350 praecipua.

17 399 23 412 ,
87 359 133 400 &
161 352 306 401 aureis
334 388 348 412 ‚
385 347 628 400 vallaribus
648 385 662 409 ‚
697 346 1140 416 obsidionalibusque
1177 353 1369 400 coronis

9 411 15 427 Ἀ
88 419 374 484 praestamior
389 456 403 479 ,
423 415 581 465 servati
600 416 708 463 civis
722 431 897 462 corona
910 415 1204 479 imperatoria
1221 433 1366 465 manu

88 484 356 533 tribueretur
371 522 384 544 ‚
407 481 535 548 quod
552 479 666 529 illud
683 487 728 529 &
742 496 964 549 quantum
981 480 1116 530 decus
1135 520 1148 542 ,
1167 483 1244 531 ubi
1264 483 1366 532 duae

88 552 301 618 legiones
322 587 335 610 ,
374 549 435 597 ob
463 546 654 598 servatas
680 547 790 596 duas
813 548 1021 614 legiones
1042 585 1055 607 ‚
1085 549 1248 598 civicas
1275 566 1365 597 co-

85 633 226 667 ronas
242 654 262 678 ,
285 615 485 665 militum
509 616 682 664 virtutis
705 612 882 681 insigne
907 612 1197 662 clariffimum
1216 653 1230 675 ,
1261 615 1371 664 adi-

0 719 1 732 2
87 681 385 749 piscerentur.
415 682 494 731 De
513 683 665 730 civicae
689 698 872 729 coronae
899 678 1121 746 dignitate
1150 687 1193 728 &
1215 683 1369 746 pretio

84 749 192 797 vide
220 747 424 796 Plinium
449 745 575 796 XVI
593 783 606 806 ,
636 764 682 804 4.
721 746 854 793 Illam
887 744 1074 813 quidem
1101 746 1253 795 tribuit
1272 747 1368 796 Ti-

84 815 232 862 berius
262 811 484 877 Princeps
503 849 516 872 ‚
548 828 596 859 ut
623 809 820 860 vidimus
843 812 1018 860 Annal.
1044 799 1248 872 III,·2.1.
1275 812 1371 861 Sed

7 924 10 925 ⁷
85 886 132 927 &
164 876 423 927 consulares
457 877 723 926 exercitibus
749 877 980 944 praepofiti
1005 878 1200 926 tribuere
1227 895 1369 943 pote-

84 962 190 994 rant
209 984 221 1006 ,
244 961 292 992 ut
316 944 492 992 constat
509 962 564 992 ex
577 943 745 993 Tacito
759 982 773 1006 ‚
802 945 894 993 loc.
915 947 990 994 cit.
1009 950 1055 992 &
1073 961 1128 993 ex
1141 944 1369 993 Suetonio

85 1014 135 1061 in
161 1011 320 1060 Tiber.
344 1010 467 1077 Cap.
491 1028 567 1074 32.

146 1139 274 1189 CAP.
296 1140 436 1192 XIII.
452 1142 594 1194 Mod&
615 1141 872 1209 Castellum.
893 1141 1200 1194 Arsamosata.
1217 1140 1379 1210 Suprai-

83 1206 383 1324 Cagiuiciiizae
414 1291 471 1323 ac
501 1275 810 1326 Numantinae
841 1274 1004 1327 cladis.
1036 1275 1182 1324 Anno
1209 1273 1280 1325 U.
1307 1274 1371 1325 C.

82 1355 348 1389 cnxxxnr
370 1378 385 1402 ‚
418 1341 621 1390 Romani
658 1342 717 1390 ad
753 1341 988 1390 Caudinas
1022 1342 1169 1391 furcas
1195 1381 1209 1404 ‚
1241 1358 1378 1391 nunc

80 1404 277 1455 Forclzie‘
299 1443 315 1466 ,
348 1424 381 1454 a
403 1407 685 1455 Samnitibus
711 1409 823 1454 victi
845 1445 859 1468 ‚
892 1409 1170 1455 Samnitium
1205 1409 1379 1474 jugum

84 1469 279 1521 subiere.
298 1471 508 1538 Turpior
532 1472 682 1521 adhuc
701 1472 850 1522 clades
866 1472 1157 1522 Numantina
1174 1476 1376 1540 contigit

86 1555 217 1593 anuo
253 1537 321 1587 U.
342 1538 404 1586 C.
426 1554 639 1587 ncxvn.
679 1538 936 1587 Numantia
954 1545 989 1599 ,·
1003 1539 1236 1606 hodieque
1254 1539 1375 1591 Nu-

83 1603 272 1654 mancia
294 1641 310 1665 ,
347 1604 425 1652 ubi
453 1605 626 1653 exstant
649 1604 826 1652 ruder-a.
1358 1613 1360 1615 ’

151 1669 317 1735 Neque
339 1669 541 1720 eamdem
560 1671 668 1720 vim.
693 1670 769 1719 Ne
808 1686 864 1718 ue
884 1669 1111 1718 Samnites
1126 1709 1139 1731 ,
1161 1669 1378 1720 Italicum

85 1738 320 1802 populum
335 1776 349 1798 ,
371 1753 450 1785 aut
465 1735 589 1803 ipsos
604 1687 1001 1785 Poenoquomani-
1019 1738 1203 1801 imperii
1223 1755 1394 1787 πῶυ--

84 1804 157 1851 los
171 1842 185 1864 ‚
206 1821 429 1871 umquam
449 1801 576 1852 fuisse
594 1803 722 1871 aeque
742 1801 1076 1862 formidandos,
1090 1819 1144 1850 ac
1159 1800 1391 1852 Parthos.⁴

151 1869 371 1936 Dignum
386 1869 733 1935 Arsacidarum.
755 1870 884 1918 Deos
903 1887 1024 1929 rem,
1046 1865 1379 1919 Arsacidarum

84 1931 268 2002 fastigio
293 1936 488 2002 dignam
509 1975 521 1997 ,
559 1935 770 1999 adjeciffe
788 1975 810 1998 ,,
835 1953 883 1986 ut
904 1943 950 1985 &
975 1934 1106 1986 fimul
1134 1934 1191 1986 de
1215 1936 1378 2004 legio·-

89 2001 223 2051 nibus
253 2002 477 2052 Romanis
504 2003 760 2053 statuerent.

157 2131 283 2182 CM».
305 2132 423 2186 XV.
445 2133 648 2185 Flamini
670 2134 903 2198 Arfiznioe.
928 2133 1146 2186 Arsanias
1165 2136 1375 2196 Humen3

89 2216 214 2249 nunc
242 2200 387 2265 Arfi’n
409 2239 423 2263 ‚
456 2203 599 2251 castra
620 2207 666 2249 δε
690 2199 984 2251 Arsamosata
1010 2203 1289 2268 praefluebat.

157 2264 279 2314 Illud
307 2267 395 2316 iter
429 2266 730 2331 expedientis.
767 2267 912 2318 Paetus
939 2270 1128 2337 quidem
1153 2267 1374 2336 imposuit

95 2348 321 2401 pontem,
360 2334 487 2412 quafi
518 2333 597 2385 fibi
630 2334 743 2412 illud
769 2335 852 2383 iter
878 2336 1092 2401 expedire
1120 2337 1270 2385 vellet.
1307 2336 1375 2386 At

91 2399 430 2583 ξγῗζῖτεῗέζῖῗ
449 2401 858 2538 ’iffltfiu‘s'fflff
889 2401 1375 2538 ssffm‘issiussssi‘iiffii

128 2552 205 2583 um
230 2552 335 2583 iere.

160 2599 260 2650 Sub
278 2602 437 2670 jugum
454 2602 602 2672 mzffizs
627 2602 844 2672 legiones,
856 2602 1093 2671 Legiones
1113 2599 1192 2652 sub
1210 2603 1385 2668 jugum·
