1637 2917
225 128 392 186 Lm.
436 123 596 183 XVI.
656 142 1141 184 ANNALHJM.
1231 148 1345 205 357

67 227 200 287 cum
232 225 291 283 in
333 219 555 305 publica
590 218 742 279 fame
767 222 1150 282 Alexandrina
1194 226 1346 285 navis

68 309 418 369 nuntiaretur
470 302 745 362 frumenti
796 303 922 363 loco
975 307 1264 387 pulverem
1315 333 1345 369 e
1370 312 1488 353 ΑΛ]-
1506 314 1557 354 C.

68 391 205 452 Nilo
234 387 595 449 luctatoribus
620 386 807 445 aulicis
833 387 1123 449 advexiffe.
1149 391 1309 450 Plebs
1327 440 1344 465 ,
1416 389 1522 432 32¹·

69 495 386 555 numquam
407 471 772 552 arrogantior,
792 472 964 552 quam
987 480 1116 530 cum
1141 480 1345 555 jejuna,

69 560 129 618 in
154 558 405 616 convicia
430 576 722 637 erumpere
746 578 757 611 :
780 555 876 613 alii
895 555 1107 627 verbis,
1131 555 1346 640 scriptis

72 642 168 701 alii
216 640 536 721 Principem
582 635 882 721 laceffere:
929 639 1142 712 multi,
1186 646 1350 702 nocste

72 724 253 808 Jurgia
310 745 442 795 cum
496 719 660 780 servis
715 720 1035 782 simulantes
1074 770 1091 796 ‚
1157 724 1352 784 crebro

83 809 363 871 Vindicem
404 802 644 885 poscere.

161 889 435 950 LXXVI.
457 890 564 946 SED
587 886 912 948 foeditatum
929 887 1026 947 usu
1046 890 1106 948 in
1125 892 1357 954 Nerone

39 1007 43 1011 ·
78 972 421 1035 obcalluerat
448 972 783 1031 verecundia
807 996 823 1051 3
859 981 916 1033 &
935 995 1035 1055 pro
1061 975 1234 1058 gloria
1257 976 1357 1036 ha-

79 1058 316 1118 bebatur
349 1057 733 1115 conviciorum
762 1057 1047 1136 patientia.
1096 1058 1315 1121 Pudore
1338 1108 1356 1134 ,

82 1164 336 1203 extremo
361 1140 682 1223 Principum
705 1138 951 1222 praefidio
968 1189 984 1212 ‚
1010 1140 1358 1217 destitutum,

23 1262 26 1265 ·
83 1235 142 1286 ὃς
179 1224 251 1284 ad
294 1224 519 1305 injurias
560 1245 850 1306 patentem
887 1227 1130 1284 attonuit
1169 1247 1361 1288 tamen

0 1334 1 1337 ’
86 1330 219 1369 tunc
249 1308 505 1367 nuntiata
533 1308 725 1366 Galbae
750 1316 807 1367 &
828 1307 1141 1368 Galliarum
1169 1309 1366 1370 defec-

86 1394 184 1457 tio,
211 1391 286 1451 Ea
313 1390 498 1450 audita
525 1438 541 1463 ,
570 1391 776 1449 corruit
807 1392 1076 1450 exanimis
1101 1440 1118 1466 ,
1153 1393 1365 1476 diuque

87 1476 202 1536 fine
239 1498 375 1535 voce
402 1522 419 1547 ‚
459 1498 519 1534 ac
551 1497 722 1557 prope
747 1476 1148 1535 intermortuus
1176 1479 1365 1557 jacuit.

87 1563 174 1620 Ut
200 1557 423 1640 reslpuit
443 1606 459 1630 ‚
496 1559 641 1617 veste
665 1556 892 1615 descissa
909 1606 926 1629 ,
964 1561 1367 1622 converberato

92 1643 316 1726 capitecc
332 1645 520 1701 astum
544 1640 614 1700 de
639 1638 692 1699 se
707 1642 1034 1721 »queritur3
1066 1640 1369 1726 spretisque

93 1725 300 1787 solatiis
342 1722 628 1783 nutriculae
650 1772 667 1796 ‚
722 1722 973 1785 ccfimilia
1007 1724 1126 1784 aliis
1156 1728 1371 1787 Princi-

93 1809 300 1892 „pibus
322 1806 577 1867 accidiffe
594 1809 1005 1867 »memorantis
1025 1856 1041 1881 ,
1055 1836 1087 1860 cc
1101 1807 1155 1869 se
1175 1833 1371 1893 praeter

93 1913 351 1952 „ceteros
394 1890 645 1951 inaudita
676 1899 733 1950 &
768 1892 1057 1974 incognita
1092 1896 1260 1975 pati»
1289 1896 1372 1955 la·-

94 1996 381 2037 mentatur
409 2023 425 2048 ‚
476 1976 624 2055 ecqui
661 1973 821 2032 suum
861 1975 1165 2058 imperium
1214 1980 1371 2040 vivus

97 2062 366 2120 „amittat
383 2089 414 2112 υ
428 2105 440 2118 .
479 2057 588 2118 Sed
608 2107 623 2130 ‚
656 2078 717 2116 ut
739 2058 892 2117 vanis
915 2060 1155 2140 ingeniis
1175 2067 1373 2123 cuneta

101 2166 328 2227 quoque
344 2141 469 2202 sunt
484 2165 643 2214 vana,
659 2162 833 2201 terror
853 2141 1128 2224 dolorque
1149 2144 1372 2227 ceffere3

101 2228 384 2288 revaluere
412 2225 566 2285 luxus
589 2234 648 2285 δε
670 2224 879 2285 desidia
900 2251 913 2284 t
936 2228 1146 2287 acriora
1167 2229 1338 2289 etiam
1355 2280 1373 2305 ‚

100 2311 258 2394 quod
284 2308 526 2393 prosperi
549 2306 825 2390 quiddam
849 2334 879 2371 e
904 2312 1203 2394 provinciis
1227 2337 1374 2373 nun-

104 2397 307 2456 tiatum
334 2442 350 2467 ‚
389 2392 654 2474 quodque
680 2391 895 2453 senatus
924 2395 1168 2454 Galbam
1201 2397 1375 2456 ochos-

104 2495 318 2538 »temn
348 2476 703 2559 judicaverat.
744 2478 999 2537 Vidtoria
1031 2480 1214 2539 statim
1244 2504 1376 2540 can-

108 2562 255 2624 tibus
296 2570 353 2622 &
383 2559 527 2621 ludis
559 2580 957 2646 anteoccupata
985 2565 1100 2641 est3
1143 2561 1374 2646 parsque

1413 468 1450 506 J.
1472 468 1525 508 C.

1428 542 1505 590 68.
