1659 2917
325 139 438 191 218
523 134 593 191 C.
633 133 1075 190 CoRNme
1129 133 1433 211 TAchr

106 272 296 291 .....--
401 232 585 290 LXII.
620 233 791 293 VAR1
812 254 848 289 U
867 254 888 290 s
931 230 1114 290 sermo
1140 280 1156 306 ,
1193 241 1251 292 ὃς
1278 232 1349 291 ad
1373 251 1596 298 metum

104 325 154 365 A.
173 324 222 361 U·
244 322 296 360 C·
320 335 487 395 atque
509 316 651 373 iram
677 315 1135 375 accommodatus
1158 363 1173 386 ‚
1209 316 1403 375 terruit
1431 314 1595 374 fimul

143 397 256 448 8¹5·
320 399 647 471 audientem
669 446 685 470 ‚
732 407 790 457 δε
816 399 1090 458 accendit.
1134 399 1243 457 Sed
1269 421 1466 480 parum
1497 422 1595 457 va-

136 472 173 512 J.
205 471 260 511 C.
319 482 470 542 lebat
508 480 739 565 suspicio
778 482 838 540 in
876 480 1032 543 servo
1057 529 1074 553 ‚
1121 490 1179 541 ὃ(
1208 481 1596 562 quaestionibus

160 546 239 586 ω’
317 565 645 626 ancillarum
674 563 821 624 elusa
852 586 984 624 erat.
1016 568 1162 647 Ergo
1188 563 1592 625 confessionem

316 649 546 729 alicujus
572 649 740 729 quaeri
770 647 952 730 placet
973 696 989 720 ‚
1029 651 1118 707 cui
1151 670 1339 707 rerum
1367 671 1594 728 quoque

313 756 589 792 novarum
631 732 846 813 crimen
886 732 1282 814 adfingeretur.
1342 733 1410 790 Et
1449 730 1605 808 visus,

310 816 551 875 idoneus
573 837 836 874 maternae
852 816 1002 874 necis
1018 836 1284 898 patrator,
1299 813 1593 887 AnicetuS‚

313 898 456 958 classi
480 899 625 981 apud
650 897 940 957 Misenum
960 946 977 970 ,
1002 919 1064 956 ut
1085 898 1429 970 memoravi,
1454 920 1592 979 prae-

312 980 489 1041 fectus
514 1030 529 1053 ‚
575 982 686 1039 levi
709 983 825 1063 post
852 980 1151 1040 admissum
1178 980 1349 1040 scelus
1377 980 1552 1063 gratia
1569 1028 1590 1054 ‚

314 1065 448 1123 dein
476 1064 729 1146 graviore
758 1063 892 1122 odio
919 1089 930 1121 :
976 1065 1107 1145 quia
1133 1064 1415 1123 malorum
1451 1062 1590 1122 faci-

312 1170 519 1206 norum
559 1147 795 1205 ministri
832 1147 982 1228 quasi
1020 1147 1413 1230 exprobrantes
1446 1145 1590 1229 aspi-

312 1231 550 1290 ciuntur.
568 1231 745 1312 Igitur
762 1232 1003 1289 accitum
1025 1254 1156 1290 eum
1172 1229 1397 1289 Caesaroe
1410 1253 1589 1312 operae

309 1314 552 1396 aptioris
570 1344 603 1367 υ
615 1313 906 1373 admonet.
938 1342 970 1365 cc
989 1314 1183 1373 Solum
1209 1312 1589 1374 incolumitati

309 1428 344 1454 22
357 1397 623 1479 Principis
654 1396 913 1455 adversus
943 1397 1303 1456 insidiantem
1340 1418 1587 1457 matrem

309 1479 663 1539 aasubveniffe
689 1504 702 1536 ι
738 1478 928 1538 locum
967 1480 1116 1538 haud
1144 1480 1378 1538 minoris
1400 1480 1612 1561 gratiaer

309 1565 551 1621 „instare
575 1610 592 1635 ,
633 1561 671 1620 fi
698 1569 1000 1644 conjugem
1028 1560 1306 1621 infensam
1334 1562 1610 1644 depelle-⁴

308 1668 440 1713 :aret
465 1671 477 1704 ε
521 1669 623 1705 nec
655 1668 827 1704 manu
851 1665 945 1703 aut
971 1645 1086 1703 telo
1111 1668 1264 1727 opus,
1302 1647 1597 1705 Fateretur·

308 1731 604 1789 „Ostaviae
646 1727 1006 1787 adulterium.
1066 1727 1309 1789 Occulta
1347 1728 1519 1809 quide

308 1813 428 1873 mad
455 1811 683 1896 praesens
704 1860 721 1884 ‚
759 1810 856 1870 sed
891 1834 1097 1893 magna
1133 1811 1185 1870 ei
1217 1812 1442 1893 praemia
1466 1860 1483 1884 ‚
1525 1820 1596 1872 δεῖ

308 1894 582 1956 »[εεείΐης
634 1917 886 1952 amoenos
910 1924 943 1947 ιο
984 1895 1302 1975 promittit:
1355 1894 1502 1954 nevel
1542 1893 1592 1952 Γ
1658 1943 1659 1946 ,

308 1976 657 2060 »negavisset
676 2025 692 2048 ‚
719 1999 919 2035 necem
937 2006 971 2028 22
999 1977 1257 2036 intentat.
1294 1976 1397 2036 Ille
1420 1975 1584 2036 infit*

308 2059 570 2122 vecordia
597 2107 613 2131 ,
649 2068 706 2120 &
743 2057 1008 2118 facilitate
1048 2060 1298 2141 priorum
1338 2060 1512 2143 flagiti

310 2169 437 2205 rum
463 2193 479 2216 ,
524 2142 680 2227 plura
703 2143 875 2202 etiam
902 2191 918 2216 ‚
961 2142 1132 2223 quam
1176 2141 1379 2222 juffum
1420 2164 1564 2203 erat‘

310 2229 474 2310 fingit
499 2275 516 2300 ‚
568 2224 883 2307 fateturque
936 2225 1083 2308 apud
1132 2226 1340 2285 amicos
1362 2273 1379 2298 ,
1435 2251 1511 2307 qu
1559 2223 1574 2298 J

303 2312 464 2380 =velut
494 2309 722 2369 consilio
753 2308 1378 2391 adhibueratPrincePS.
1417 2312 1511 2369 Tu
1559 2380 1563 2386 ι

302 2397 371 2454 in
394 2394 705 2454 Sardiniam
729 2392 952 2476 pellitur
976 2441 992 2464 ,
1034 2392 1131 2450 ubi
1157 2415 1271 2450 non
1297 2394 1456 2475 inops
1478 2415 1564 2462 ex,

312 2478 496 2546 filium
526 2476 784 2536 toleravit
807 2526 821 2548 ‚
865 2485 920 2536 &
948 2474 1065 2534 fato
1090 2474 1249 2534 obiit.
1394 2489 1402 2497 ·

396 2563 610 2650 LXIII.
659 2559 748 2624 Ar
798 2562 998 2620 NERO
1025 2606 1052 2643 ,Ι
1095 2553 1465 2642 «praefectum
1511 2555 1522 2567 ‘
