1659 2917
228 154 664 198 ANNAMUM
709 138 1071 198 L1B.X111.
1204 158 1315 212 149

27 235 318 298 >malorum
355 237 583 295 initium
627 235 779 296 fecit.
821 239 947 294 Erat
987 238 1046 293 in
1091 235 1315 294 civitate
1340 257 1530 287 ====

42 320 242 385 Sabina
272 324 501 403 Poppaea
523 368 539 392 ,
584 321 656 378 T.
693 318 854 378 Ollio
893 339 1046 399 patre
1085 319 1272 399 genita
1299 366 1316 389 ,
1341 317 1389 356 A.
1409 317 1460 354 U·
1481 315 1533 356 C·

35 401 132 463 sed
149 426 361 463 nomen
377 404 463 462 avi
482 402 721 462 materni
739 399 1044 482 sumpserat
1064 446 1079 471 ,
1105 400 1316 458 inlustri
1386 385 1437 426 8¹
1453 391 1494 424 ¹⁸

36 487 315 544 memoria
364 487 583 569 Poppaei
632 485 820 545 Sabini
862 530 878 555 ‚
941 482 1213 541 consulari
1259 492 1314 543 &
1401 523 1481 579 53·

32 567 360 650 triumphali
421 570 622 628 decore
674 565 1066 650 praefulgentis.
1164 567 1316 623 Nam

35 650 266 709 Ollium
294 699 310 724 ,
357 651 661 710 honoribus
711 651 968 709 nondum
1019 647 1275 707 funerum
1301 695 1320 721 ,

36 735 285 793 amicitia
324 736 506 814 Sejani
550 734 832 817 pervertit.
903 731 1050 791 Huic
1095 731 1322 790 mulieri

37 821 234 875 cuneta
262 815 368 875 alia
396 814 552 877 fuere
581 864 597 889 ,
639 838 831 899 praeter
866 816 1162 883 honestum
1201 815 1322 872 ani-

34 921 215 959 mum.
257 900 482 982 Quippe
507 921 686 960 mater
707 907 821 980 ejus
845 946 861 971 ,
898 900 1068 957 aetatis
1099 896 1201 955 suae
1237 895 1323 956 fe-

34 983 214 1041 minas
235 982 652 1064 pulchritudine
680 980 1017 1065 supergressa
1039 1029 1056 1053 ‚
1081 980 1324 1063 gloriam

35 1066 241 1148 pariter
264 1074 320 1125 &
346 1064 592 1125 formam
619 1066 870 1125 dederat.
919 1067 1076 1146 Opes
1103 1063 1330 1123 clarita-⁴

40 1147 161 1206 dini
204 1149 423 1230 generis
470 1147 835 1209 sufficiebant.
884 1149 1079 1206 Sermo
1109 1149 1285 1205 cornis
1307 1194 1329 1221 ,

35 1253 142 1289 nec
164 1229 463 1290 absurdum
486 1233 543 1289 in
588 1233 781 1291 enium
803 1256 815 1289 ι
840 1230 1174 1289 modestiam
1194 1253 1327 1312 prae-

39 1311 187 1372 ferre
211 1361 228 1384 ‚
269 1322 326 1373 &
363 1311 579 1373 lascivia
618 1315 699 1373 uti
726 1340 738 1372 :
771 1336 920 1372 rarus
947 1314 1007 1371 in
1035 1312 1331 1395 publicum

38 1393 314 1478 egreffu53
338 1395 511 1477 idque
539 1396 719 1457 velata
737 1402 892 1479 parte
911 1397 1019 1455 oris
1039 1443 1057 1468 ,
1083 1419 1155 1455 ne
1175 1394 1330 1455 satia-

40 1498 126 1546 ret
149 1473 430 1558 aspetstum
448 1527 465 1552 ,
494 1480 585 1540 vel
612 1480 742 1561 quia
765 1479 836 1538 fic
864 1479 1118 1539 decebat.
1149 1481 1330 1538 Famae

39 1583 356 1641 numquam
385 1563 667 1644 pepercit,
707 1563 937 1621 maritos
964 1571 1021 1622 &
1047 1562 1331 1622 adulteros

40 1664 160 1702 non
188 1643 530 1725 distinguens
558 1671 569 1703 :
599 1669 784 1725 neque
814 1643 1035 1704 affestui
1062 1644 1160 1704 suo
1183 1692 1201 1717 ,
1232 1664 1329 1704 aut

40 1724 227 1784 alieno
260 1726 503 1784 obnoxia
527 1774 543 1798 ‚
583 1728 734 1786 unde
760 1727 969 1786 utilitas
1006 1727 1329 1786 ostendere-

42 1827 168 1879 tur,
206 1806 339 1866 illuc
374 1807 676 1868 libidinem
712 1807 1095 1869 transferebat.
1131 1813 1172 1870 ‚I
1184 1811 1330 1890 gitur

41 1904 308 1970 agentem
348 1913 473 1949 eam
503 1891 562 1949 in
585 1891 956 1950 matrimonio
1001 1892 1134 1952 Rufi
1174 1891 1331 1951 Cris-

39 1972 197 2054 pini,
230 1972 434 2053 equitis
459 1975 709 2033 Romani
735 2021 751 2045 ,
782 1998 847 2034 ex
875 1998 989 2055 quo
1018 1975 1201 2033 filium
1231 1998 1333 2057 ge-

39 2075 238 2114 nuerat
261 2102 277 2127 ‚
324 2056 487 2115 Otho
522 2056 751 2139 pellexit
792 2055 1020 2138 juventa
1059 2082 1120 2117 ac
1158 2057 1290 2117 luxu
1312 2105 1331 2131 ,

44 2144 105 2204 δε
126 2138 257 2217 quia
274 2137 718 2221 flagrantissimus
736 2140 798 2198 in
822 2141 1070 2200 amicitia
1089 2142 1334 2200 Neronis

42 2219 368 2312 habebatur.
434 2224 553 2288 Nec
608 2246 767 2282 mora
793 2271 810 2296 ‚
852 2225 990 2304 quin
1047 2223 1332 2285 adulterio

45 2305 476 2363 matrimonium
505 2313 849 2389 jungeretur.

137 2385 348 2445 XLVI.
383 2389 567 2447 Orno
594 2436 611 2461 ‚
653 2389 764 2450 five
799 2411 991 2450 amore
1029 2390 1331 2463 incautus3

42 2464 270 2526 laudare
294 2496 325 2520 ot
341 2467 586 2529 formam
607 2471 1060 2555 elegantiamque
1086 2474 1267 2534 uxoris
1286 2496 1331 2529 »ς

44 2549 194 2629 apud
220 2551 532 2637 Principem
554 2578 571 2636 3
603 2554 711 2618 five
734 2577 796 2619 ut
820 2557 1152 2618 accenderet
1173 2603 1191 2628 ‚
1227 2578 1287 2613 ac
1300 2599 1322 2627 ,

987 2642 1042 2699 G
1087 2641 1146 2720 iij

1378 459 1412 497 J.
1443 456 1497 496 C.
1567 470 1574 475 ‘
