1659 2917
214 179 670 224 ANNAL1UM
717 160 885 219 Lm.
931 158 1099 223 XVI.
1188 183 1308 239 307

30 295 33 300 v
91 260 234 322 aesari
283 258 731 342 conjurationem
780 256 850 316 ab
903 281 970 317 eo
1022 261 1305 334 memine-

15 362 36 398 ¹·
61 367 170 405 ant.

107 427 330 488 XVIII.
375 425 481 483 DE
525 425 596 483 C.
624 422 888 482 Petronio
929 446 1101 505 pauca
1144 424 1301 507 supra

29 545 32 564 .
68 509 333 594 -petenda
372 506 512 567 sunt.
564 508 714 566 Nam
748 505 832 564 illi
868 506 985 566 dies
1019 529 1114 590 per
1150 508 1301 567 som-

28 629 31 647 ,
66 617 201 666 um,
243 615 353 651 nox
387 590 584 651 officiis
620 599 677 650 &
713 589 1142 650 obleetamentis
1180 593 1304 651 vitae

52 677 442 759 ranfigebatur.
489 676 686 754 thue
715 673 849 732 alios
876 674 1142 733 industria
1169 723 1185 748 ‚
1226 677 1305 735 ita

27 771 30 813 ὲ
68 784 173 818 unc
204 758 425 840 ignavia
460 757 532 815 ad
562 755 776 815 famam
811 757 1160 840 protulerat3
1203 759 1305 818 ha-

40 844 373 923 ebaturque
401 864 517 899 non
544 864 723 923 ganeo
749 849 807 900 &
835 842 1158 924 profligator
1183 889 1200 913 ‚
1241 863 1304 903 ut

41 922 278 1008 ‚letique
325 924 416 984 sua
467 924 847 984 haurientium
878 974 893 998 ‚
944 923 1040 985 sed
1081 925 1303 985 erudito

11 1018 30 1070 fl
56 1006 59 1007 ⁷
86 1033 171 1069 xa.
219 1010 302 1068 Ac
332 1009 480 1067 dieta
504 1006 759 1088 fastaque
785 1016 899 1089 ejus
925 1011 1137 1090 quantb
1161 1007 1303 1069 solu-

11 1093 169 1154 tiora
217 1140 234 1164 ,
293 1101 350 1152 &
401 1092 712 1173 quamdam
762 1090 844 1150 sui
892 1093 1301 1175 negligentiam

23 1174 370 1255 praeferentia
387 1222 402 1247 ,
428 1178 584 1233 tantb
607 1174 812 1256 gratius
836 1177 895 1234 in
912 1174 1155 1259 speciem
1179 1176 1309 1240 firn-

22 1260 283 1338 ·licitatis
313 1258 744 1341 accipiebantur.
775 1258 1080 1318 Proconsul
1110 1281 1305 1321 tamen

22 1344 290 1422 l’ithyniae
317 1390 333 1415 ,
374 1350 431 1402 ὃ(
458 1365 589 1400 mox
614 1340 804 1400 consul
829 1390 848 1414 ‚
884 1343 1175 1423 vigentem
1201 1342 1256 1404 se
1282 1390 1310 1416 ,

10 1458 39 1481 ν.
55 1451 84 1486 c
101 1448 292 1508 parem
311 1425 550 1506 negotiis
571 1425 841 1484 ostendit:
863 1426 996 1485 dein
1019 1426 1313 1487 revolutus

21 1540 80 1564 a„-
116 1510 276 1581 vitia,
302 1507 396 1568 seu
417 1509 686 1567 vitiorum
710 1509 1126 1583 imitationem,
1153 1513 1305 1571 inter

20 1591 222 1672 Γειιεος,
246 1591 612 1650 familiarium
630 1592 846 1649 Neroni
865 1591 1187 1676 adsumptus
1206 1597 1309 1667 est,

34 1677 311 1762 -legantiae
347 1676 552 1734 arbiter
576 1722 593 1746 ,
630 1674 770 1733 dum
796 1674 940 1734 nihil
968 1699 1255 1736 arnoenum
1280 1724 1302 1751 ,

22 1771 83 1824 &
114 1759 301 1831 ‘molle
344 1756 628 1818 affluentia
666 1778 824 1840 putat
846 1806 864 1832 ,
913 1758 1015 1818 nifi
1055 1759 1211 1841 quod
1246 1762 1303 1821 ei

36 1844 314 1904 'etr-onius
365 1840 784 1925 approbavisset.
819 1888 824 1893 .
854 1843 1030 1903 Unde
1086 1843 1300 1904 invidia

20 1926 343 2010 Tigellini,
392 1925 542 2006 quast
585 1924 844 1984 adversus
885 1925 1151 1985 :emulum
1175 1975 1192 2000 ‚
1240 1937 1301 1989 δε

20 2008 248 2073 scientia
276 2008 628 2090 voluptatum
654 2009 953 2091 potiorem.
1000 2013 1148 2093 Ergo
1174 2033 1300 2070 cru-

22 2094 318 2157 deliratem
344 2093 613 2175 Principis
643 2142 659 2164 ‚
697 2093 786 2152 cui
811 2116 1003 2154 ceterae
1032 2093 1303 2155 libidines

22 2178 300 2242 cedebant
321 2224 337 2249 ,
363 2177 684 2261 aggreditur
705 2225 721 2249 ‚
742 2178 1051 2238 amicitiam
1076 2179 1299 2238 Scevini

18 2258 50 2299 ⁷¹
66 2262 286 2324 etronio
303 2261 586 2342 objefflmns
603 2285 621 2340 3
645 2283 905 2344 corrupto
924 2262 997 2321 ad
1018 2262 1299 2322 indicium·

22 2348 181 2410 servo
198 2394 215 2419 ,
232 2343 609 2428 ademptaque
628 2343 951 2407 defensione
965 2393 983 2419 ‚
1008 2354 1066 2407 ὃ(
1082 2354 1300 2430 majore

22 2442 176 2520 ¹Parte
204 2427 427 2487 familiae
451 2430 508 2488 in
531 2427 715 2488 vincla
736 2430 906 2513 rapta.

39 2543 45 2548 ·
104 2514 264 2572 XIX.
299 2514 389 2570 Fo
409 2536 487 2572 RT
507 2537 534 2571 E
561 2512 669 2572 illis
697 2512 894 2574 diebus
914 2512 1297 2596 Campaniam

3 2597 297 2690 petiverat
345 2595 564 2672 Caesar,
607 2605 665 2659 &
703 2599 918 2660 Cumas
951 2597 1122 2680 usque
1164 2618 1306 2679 [ποτ

1328 287 1524 313 a

1321 340 1373 384 A.
1392 343 1442 381 U.
1461 342 1522 385 C.

1366 414 1476 460 819·

1361 489 1400 528 J.
1433 487 1489 528 C.

1388 558 1471 610 66,
