1659 2917
273 93 747 180 ANNAMURM
795 116 964 178 L113.
1003 117 1139 180 XV.
1251 139 1369 198 239

96 218 161 280 in
181 220 298 279 acie
321 214 622 278 vertiffent.
645 214 904 273 Corbulo
924 240 1054 275 cum
1074 217 1179 277 suis
1199 221 1370 302 copiis
1391 251 1584 278 πε

100 302 248 386 apud
275 303 453 384 ripam
479 298 770 381 Euphratis
799 299 995 357 obvius
1024 348 1041 371 ‚
1085 326 1200 359 non
1242 326 1369 361 eam
1393 314 1442 354 A.
1463 314 1514 351 U,
1534 312 1590 355 C·

100 384 343 467 speciem
374 382 674 466 lusignium
697 390 755 441 &
778 404 1066 441 armorum
1091 386 1327 466 praetulit
1351 436 1367 460 ,

100 489 161 529 ut
184 467 559 529 diversitatem
583 466 951 549 exprobraret.
988 468 1168 524 Maesti
1193 472 1371 528 mani-

100 552 238 635 puli,
262 576 323 611 ac
345 553 528 612 vicem
552 548 1009 609 commilitonum
1028 550 1370 626 miserante5‚

100 658 172 695 ne
201 635 440 694 lacrimis
478 633 712 715 quidem
746 655 1089 715 temperare:
1134 634 1224 692 vix
1265 660 1371 718 prae

100 719 263 799 fletu*
290 717 542 801 usurpata
597 715 977 775 consalutatio.
1044 716 1372 778 Decefferat

99 823 385 862 certamen
431 801 646 860 virtutis
679 848 696 874 ‚
753 808 811 860 &
855 800 1092 863 ambitio
1138 800 1325 884 gloria:
1350 850 1370 875 ,

98 882 352 944 felicium
376 885 677 944 hominum
708 882 935 943 affectus
960 909 971 942 :
1016 882 1129 943 sola
1152 883 1370 944 miseri-

98 967 289 1027 cordia
310 967 529 1028 valebat
551 1017 567 1040 ‚
604 976 662 1028 δε
686 967 834 1050 apud
857 968 1102 1028 minores
1128 969 1323 1050 magis,

186 1053 379 1112 XVII.
415 1053 474 1110 D
494 1075 529 1109 U
546 1075 576 1108 c
593 1074 629 1108 U
646 1074 694 1109 M
721 1053 867 1109 inter
892 1049 946 1110 se
977 1051 1158 1112 brevis
1188 1050 1371 1111 sermo

45 1135 52 1140 ⁴
98 1131 311 1193 secutus
357 1137 430 1194 est
452 1184 468 1207 ,
509 1135 616 1192 hoc
660 1155 1040 1214 conquerente
1085 1163 1118 1186 oc
1135 1135 1372 1193 inritum

97 1217 430 1277 „laboremz
471 1214 703 1298 potuisse
736 1217 953 1276 bellum
985 1215 1117 1300 fuga
1140 1218 1370 1276 Partho-

98 1329 133 1354 ο)
145 1324 269 1359 rum
290 1300 472 1358 finiri»
485 1346 498 1359 .
514 1300 613 1360 Ille
626 1301 877 1382 ocintegra
890 1301 1111 1381 utrique
1130 1305 1373 1360 cuncta„

98 1383 381 1466 respondit
417 1432 434 1456 ‚
502 1411 536 1434 oc
563 1404 954 1442 converterent
996 1383 1206 1466 aquilas
1234 1432 1251 1457 ,
1310 1393 1372 1445 &

94 1468 314 1547 wjuncsti
352 1466 682 1527 invaderent
713 1467 1048 1526 Armeniam
1071 1515 1088 1540 ‚
1129 1466 1372 1527 absceffu

96 1549 435 1634 »Vologesis
474 1550 891 1608 infirmatam».
937 1551 1121 1608 «Non
1160 1573 1225 1609 ea
1257 1554 1370 1609 Im-

97 1634 409 1717 mperatoris
446 1633 650 1692 habere
688 1632 1025 1704 mandata»,
1069 1632 1369 1692 Corbulo:

94 1744 141 1768 α
161 1706 405 1798 periculo
436 1714 727 1798 legionum
754 1736 1108 1773 commotum
1130 1764 1146 1789 ,
1185 1739 1215 1775 e
1238 1739 1371 1798 pro-

98 1799 323 1859 »vincia
374 1797 666 1881 egreffum.
752 1797 999 1873 Quando
1043 1799 1104 1856 in
1152 1799 1371 1858 incerto

97 1882 452 1941 :ohabeantur
478 1881 810 1940 Parthorum
841 1901 1067 1940 conatus
1089 1929 1106 1953 ‚
1156 1882 1372 1960 Syriam

92 1964 526 2048 arepetiturum.
573 1965 658 2023 Sic
688 1987 914 2046 quoque
944 1962 1371 2045 optimam-'for-

61 2095 67 2101 .
95 2070 338 2108 estunam
388 2046 659 2107 orandam
701 2096 718 2120 ,
765 2068 826 2105 ut
869 2047 1038 2130 pedes
1084 2045 1370 2107 confectus

97 2130 325 2215 :ospatiis
363 2131 631 2190 itinerum
653 2179 669 2203 ‚
715 2129 955 2190 alacrem
1000 2138 1059 2190 δε
1103 2129 1373 2190 facilitate

97 2235 471 2296 :ncamporum
489 2216 922 2294 praevenientem
941 2213 1192 2294 equitem
1214 2211 1372 2273 adse-

97 2327 135 2353 :u
146 2316 405 2379 queretur
418 2324 451 2348 π
463 2342 476 2355 .
496 2297 633 2355 Exin
646 2301 819 2357 Paetus
838 2319 933 2380 per
947 2296 1372 2380 Cappadociam

101 2379 432 2441 hibernavit.
470 2379 549 2438 At
568 2379 861 2463 Vologesis
885 2379 956 2439 ad
977 2380 1371 2440 Corbulonem

102 2464 246 2526 miffi
266 2463 468 2535 nuntii,
480 2492 514 2515 oc
530 2462 847 2524 detraheret
868 2462 1083 2523 castella
1100 2485 1247 2523 trans
1265 2465 1370 2520 Eu-

97 2575 139 2612 320
149 2549 380 2630 phraten
398 2593 417 2620 ,
435 2571 776 2631 amnemque
795 2596 814 2623 ,
835 2568 898 2610 ut
913 2547 1053 2608 olim
1072 2595 1091 2623 ,
1112 2546 1373 2607 medium

1439 385 1549 433 815,

1436 462 1472 501 J.
1505 461 1561 502 C.

1458 530 1539 575 62..
