1659 2917
256 141 725 185 ANNArxuM
774 117 936 183 LIB.
981 122 1117 188 XV.
1223 143 1335 205 2⁴55

75 223 223 311 pices
246 270 264 296 ‚
310 222 410 281 dos
434 269 451 293 ‚
494 229 551 281 δε
592 221 824 303 genialis
870 243 1019 281 torus
1044 271 1060 294 ,
1103 232 1162 284 δε
1200 222 1568 285 faces&

0 297 3 318 f
75 305 345 390 nuptiales
372 330 385 363 :
421 309 619 379 cundia
647 304 893 385 denique
916 304 1155 387 spectata
1179 355 1196 381 ,
1227 332 1350 390 quae
1366 305 1416 347 A.
1435 308 1484 344 U·
1506 305 1569 347 C·

73 393 245 454 etiam
268 391 330 448 in
351 386 565 448 femina
590 411 700 447 nox
726 390 924 469 operit.
1410 382 1520 432 3¹⁷·

0 496 4 508 ·
81 530 90 538 ,
156 474 495 535 XXXVIII.
535 474 845 544 SEQmTUR
884 469 1068 530 clades
1094 518 1112 544 ‚
1162 469 1348 548 forte,
1406 457 1535 568 160.

16 599 19 602 <
70 580 144 618 an
173 557 307 616 dolo
330 557 596 638 Principis
625 558 904 616 incertum
929 580 941 613 ε
974 579 1108 614 nam
1131 578 1353 617 utrum-
1459 537 1519 582 4⁹

10 640 13 651 ’
75 664 187 722 que
236 645 482 700 austeres
526 640 865 722 prodidere:
905 637 997 698 sed
1044 641 1356 714 omnibus,

4 743 19 762 ²·
76 747 196 805 quae
238 724 365 782 huic
412 723 557 782 Urbi
606 746 703 804 per
749 722 1079 782 violentiam
1128 724 1358 807 ignium.

75 807 398 868 acciderunt
420 854 437 879 ,
486 809 707 890 gravior
739 829 906 889 atque
937 808 1194 868 atrocior.
1235 809 1358 867 lni-

19 943 23 948 .
77 892 221 957 tium
239 892 297 949 in
314 892 376 950 eii
395 913 550 973 parte
569 892 725 950 Circi
742 914 953 964 ortum,
967 916 1085 974 quae
1100 891 1357 951 Palatino

10 983 19 1026 Γ
75 975 367 1056 Caelioque
392 973 683 1034 montibus
710 977 975 1058 contigua
999 978 1090 1035 est.
1118 976 1238 1034 Ubi
1255 998 1358 1059 per

10 1119 14 1123 ,
76 1058 330 1120 tabernas
345 1107 362 1131 ,
383 1058 584 1139 quibus
601 1059 661 1117 id
683 1061 1124 1118 mercimonium
1140 1061 1320 1119 inerat
1335 1106 1361 1134 ,

74 1165 191 1225 quo
232 1143 461 1201 flamma
503 1141 701 1216 alitur,
746 1143 908 1202 simul
932 1166 1142 1226 coeptus
1165 1144 1364 1228 ignis,

16 1255 20 1266 ’
77 1236 137 1286 &
172 1227 355 1284 statim
397 1225 612 1285 validus
637 1274 657 1299 ,
704 1250 764 1285 ac
798 1248 970 1286 vento
1009 1229 1186 1301 cirUS,
1226 1226 1363 1287 lon-

15 1324 21 1375 3
75 1309 395 1392 gitudinem
424 1310 582 1367 Circi
609 1312 892 1391 corripuit.
956 1313 1158 1391 Neque
1197 1312 1358 1371 enim

16 1393 21 1400 ’
75 1392 280 1452 domus
333 1393 703 1452 munimentis
758 1392 965 1477 septae,
1005 1394 1096 1454 vel
1142 1392 1359 1476 templa.

73 1475 248 1536 muris
274 1477 454 1536 cinsta
472 1524 493 1549 ,
525 1498 619 1536 aut
642 1477 783 1559 quid
811 1477 965 1537 aliud
991 1500 1162 1537 morae
1183 1479 1357 1539 inter-

71 1559 306 1644 jacebat.
343 1563 568 1642 Impetu
588 1583 953 1643 pervagatum
977 1561 1311 1621 incendium
1334 1579 1362 1634 ,ἰ

74 1642 241 1727 plana
302 1643 512 1702 rimsim
528 1691 544 1715 ,
561 1644 769 1702 deinde
789 1646 848 1702 in
866 1645 1016 1705 edita
1034 1643 1362 1727 adsurgenS,

75 1735 136 1788 &
163 1749 255 1786 rur
283 1751 341 1786 us
372 1724 638 1786 inferiora
674 1727 998 1810 populando
1035 1729 1232 1787 anteiit
1265 1750 1360 1788 re-

74 1809 266 1870 media
289 1809 588 1870 velocitate
624 1811 759 1869 mali
784 1859 803 1883 ,
844 1820 901 1872 Sc
925 1810 1169 1870 obnoxia
1191 1811 1357 1873 Urbe

74 1894 235 1954 πῶς
263 1893 556 1953 itineribus
579 1941 596 1966 ,
631 1895 852 1976 hucque
893 1904 951 1955 &
985 1894 1123 1954 illuc
1161 1895 1356 1969 flexis,

72 1998 244 2060 atque
260 1978 587 2037 enormibus
605 1978 740 2038 vicis
755 2027 772 2052 ‚
795 1979 974 2061 qualis
993 2000 1150 2040 vetus
1168 1981 1358 2039 Roma

52 2059 203 2123 rfuit.
262 2061 358 2121 Ad
396 2061 505 2121 hoc
542 2061 790 2123 lamenta
823 2064 1152 2147 paventium
1185 2060 1362 2123 femi-

76 2167 279 2206 narum
301 2193 318 2218 ,
358 2143 491 2205 feffa
535 2145 733 2207 senum
771 2169 866 2207 aut
912 2148 1064 2207 rudis
1108 2146 1362 2230 pueritiae

78 2249 206 2289 aetas
228 2277 245 2302 ,
288 2229 497 2312 quique
533 2229 634 2289 fibi
660 2278 677 2304 ,
723 2232 932 2312 quique
961 2231 1079 2292 aliis
1109 2230 1362 2290 consule-

22 2372 25 2393 ἦ
81 2313 221 2373 bant
241 2359 259 2385 ‚
301 2314 442 2373 dum
471 2315 697 2374 trahunt
722 2315 996 2375 invalidos
1016 2364 1035 2390 ‚
1071 2335 1171 2374 aut
1187 2337 1358 2398 oppe-

21 2408 26 2471 ζ
80 2397 300 2460 tiuntur
326 2445 343 2470 ‚
390 2419 511 2480 pars
561 2421 784 2459 morans
812 2448 829 2473 ,
877 2423 999 2484 pars
1048 2397 1310 2459 festinans
1336 2442 1356 2469 ‚

19 2476 25 2497 ⁸
60 2485 282 2540 *emera
324 2482 405 2540 im
446 2481 752 2543 ediebant:
799 2493 858 2545 &
903 2483 1039 2569 saepe
1060 2531 1078 2557 ‚
1126 2482 1264 2541 dum
1295 2481 1356 2539 in
1390 2479 1400 2494 ’

20 2603 27 2643 4
74 2584 310 2649 tergum
345 2505 651 2650 refpestant
675 2615 697 2649 ,
738 2567 1002 2632 lateribus
1042 2587 1137 2629 aut
1167 2562 1363 2626 fronte
