<?xml version="1.0" encoding="UTF-8"?>
<!DOCTYPE html PUBLIC "-//W3C//DTD XHTML 1.0 Transitional//EN"
    "http://www.w3.org/TR/xhtml1/DTD/xhtml1-transitional.dtd">
<html xmlns="http://www.w3.org/1999/xhtml" xml:lang="en" lang="en">
 <head>
  <title>
</title>
<meta http-equiv="Content-Type" content="text/html;charset=utf-8" />
  <meta name='ocr-system' content='tesseract 3.04.00' />
  <meta name='ocr-capabilities' content='ocr_page ocr_carea ocr_par ocr_line ocrx_word'/>
</head>
<body>
  <div class='ocr_page' id='page_1' title='image "./ccorneliitacitio03taci_0072.png"; bbox 0 0 1725 2983; ppageno 0'>
   <div class='ocr_carea' id='block_1_1' title="bbox 271 153 1374 226">
    <p class='ocr_par' dir='ltr' id='par_1_1' title="bbox 271 153 1374 226">
     <span class='ocr_line' id='line_1_1' title="bbox 271 153 1374 226; baseline 0.015 -14"><span class='ocrx_word' id='word_1_1' title='bbox 271 160 346 213; x_wconf 82' lang='lat'>62</span> <span class='ocrx_word' id='word_1_2' title='bbox 459 153 1020 220; x_wconf 77' lang='lat' dir='ltr'>C.-CORNEL11</span> <span class='ocrx_word' id='word_1_3' title='bbox 1067 165 1374 226; x_wconf 77' lang='grc' dir='ltr'>ΤΑοῙτῐ</span> 
     </span>
    </p>
   </div>
   <div class='ocr_carea' id='block_1_2' title="bbox 53 253 1544 422">
    <p class='ocr_par' dir='ltr' id='par_1_2' title="bbox 53 253 1544 422">
     <span class='ocr_line' id='line_1_2' title="bbox 55 253 1544 339; baseline 0.005 -24"><span class='ocrx_word' id='word_1_4' title='bbox 55 278 248 317; x_wconf 57' lang='grc' dir='ltr'>Ξ</span> <span class='ocrx_word' id='word_1_5' title='bbox 271 253 395 314; x_wconf 89' lang='lat' dir='ltr'>buit</span> <span class='ocrx_word' id='word_1_6' title='bbox 420 301 437 327; x_wconf 91' lang='lat'><strong>,</strong></span> <span class='ocrx_word' id='word_1_7' title='bbox 483 256 687 339; x_wconf 63' lang='lat' dir='ltr'>magna</span> <span class='ocrx_word' id='word_1_8' title='bbox 724 257 902 339; x_wconf 66' lang='lat' dir='ltr'>gloria</span> <span class='ocrx_word' id='word_1_9' title='bbox 944 263 1207 325; x_wconf 69' lang='lat' dir='ltr'>exercitus</span> <span class='ocrx_word' id='word_1_10' title='bbox 1246 258 1544 337; x_wconf 40' lang='lat' dir='ltr'>Romans,</span> 
     </span>
     <span class='ocr_line' id='line_1_3' title="bbox 53 331 1538 422; baseline 0.009 -28"><span class='ocrx_word' id='word_1_11' title='bbox 53 331 105 371; x_wconf 80' lang='lat' dir='ltr'>A.</span> <span class='ocrx_word' id='word_1_12' title='bbox 131 336 248 376; x_wconf 80' lang='lat' dir='ltr'><strong>U·C·</strong></span> <span class='ocrx_word' id='word_1_13' title='bbox 272 361 446 420; x_wconf 91' lang='lat' dir='ltr'>quem</span> <span class='ocrx_word' id='word_1_14' title='bbox 489 340 844 402; x_wconf 88' lang='lat' dir='ltr'>incruentum</span> <span class='ocrx_word' id='word_1_15' title='bbox 891 352 948 404; x_wconf 64' lang='grc' dir='ltr'>δέ</span> <span class='ocrx_word' id='word_1_16' title='bbox 999 348 1269 409; x_wconf 66' lang='grc' dir='ltr'>νὶᾶοῑεῐη</span> <span class='ocrx_word' id='word_1_17' title='bbox 1295 398 1313 422; x_wconf 88' lang='grc'>,</span> <span class='ocrx_word' id='word_1_18' title='bbox 1367 349 1538 408; x_wconf 84' lang='lat' dir='ltr'>tridui</span> 
     </span>
    </p>
   </div>
   <div class='ocr_carea' id='block_1_3' title="bbox 88 415 1539 603">
    <p class='ocr_par' dir='ltr' id='par_1_3' title="bbox 88 415 1539 603">
     <span class='ocr_line' id='line_1_4' title="bbox 88 415 1539 521; baseline 0.008 -42"><span class='ocrx_word' id='word_1_19' title='bbox 88 475 126 516; x_wconf 41' lang='lat' dir='ltr'>J·</span> <span class='ocrx_word' id='word_1_20' title='bbox 155 415 209 521; x_wconf 56' lang='grc' dir='ltr'>(ζ’</span> <span class='ocrx_word' id='word_1_21' title='bbox 272 423 471 516; x_wconf 77' lang='lat' dir='ltr'>itinere</span> <span class='ocrx_word' id='word_1_22' title='bbox 499 422 729 484; x_wconf 81' lang='lat' dir='ltr'>abfuiffe</span> <span class='ocrx_word' id='word_1_23' title='bbox 757 427 826 519; x_wconf 69' lang='lat' dir='ltr'>ah</span> <span class='ocrx_word' id='word_1_24' title='bbox 865 451 1028 488; x_wconf 87' lang='lat' dir='ltr'>amne</span> <span class='ocrx_word' id='word_1_25' title='bbox 1057 433 1237 491; x_wconf 85' lang='lat' dir='ltr'>Tanai</span> <span class='ocrx_word' id='word_1_26' title='bbox 1278 434 1539 491; x_wconf 83' lang='lat' dir='ltr'>constitit.</span> 
     </span>
     <span class='ocr_line' id='line_1_5' title="bbox 97 505 1537 603; baseline 0.007 -39"><span class='ocrx_word' id='word_1_27' title='bbox 97 510 202 603; x_wconf 28' lang='grc' dir='ltr'>μζ</span> <span class='ocrx_word' id='word_1_28' title='bbox 270 505 379 566; x_wconf 86' lang='lat' dir='ltr'>Sed</span> <span class='ocrx_word' id='word_1_29' title='bbox 413 527 470 564; x_wconf 92' lang='lat' dir='ltr'>1n</span> <span class='ocrx_word' id='word_1_30' title='bbox 499 508 738 591; x_wconf 81' lang='lat' dir='ltr'>regreffu</span> <span class='ocrx_word' id='word_1_31' title='bbox 767 508 946 592; x_wconf 81' lang='lat' dir='ltr'>dispar</span> <span class='ocrx_word' id='word_1_32' title='bbox 972 511 1194 574; x_wconf 88' lang='lat' dir='ltr'>fortuna</span> <span class='ocrx_word' id='word_1_33' title='bbox 1219 514 1326 574; x_wconf 90' lang='lat' dir='ltr'>fuit</span> <span class='ocrx_word' id='word_1_34' title='bbox 1352 539 1369 592; x_wconf 76' lang='lat'>3</span> <span class='ocrx_word' id='word_1_35' title='bbox 1406 517 1537 596; x_wconf 88' lang='lat' dir='ltr'>quia</span> 
     </span>
    </p>
   </div>
   <div class='ocr_carea' id='block_1_4' title="bbox 235 590 1543 2682">
    <p class='ocr_par' dir='ltr' id='par_1_4' title="bbox 258 590 1535 905">
     <span class='ocr_line' id='line_1_6' title="bbox 263 590 1535 675; baseline 0.006 -27"><span class='ocrx_word' id='word_1_36' title='bbox 263 590 494 649; x_wconf 87' lang='lat' dir='ltr'>navium</span> <span class='ocrx_word' id='word_1_37' title='bbox 517 590 783 672; x_wconf 88' lang='lat' dir='ltr'>quasdam</span> <span class='ocrx_word' id='word_1_38' title='bbox 802 642 819 666; x_wconf 86' lang='lat'>‚</span> <span class='ocrx_word' id='word_1_39' title='bbox 854 618 973 675; x_wconf 85' lang='lat' dir='ltr'>quae</span> <span class='ocrx_word' id='word_1_40' title='bbox 1001 600 1142 656; x_wconf 90' lang='lat' dir='ltr'>mari</span> <span class='ocrx_word' id='word_1_41' title='bbox 1172 598 1495 658; x_wconf 87' lang='lat' dir='ltr'>remeabant</span> <span class='ocrx_word' id='word_1_42' title='bbox 1514 644 1535 669; x_wconf 84' lang='lat'>‚</span> 
     </span>
     <span class='ocr_line' id='line_1_7' title="bbox 261 672 1532 741; baseline 0.008 -11"><span class='ocrx_word' id='word_1_43' title='bbox 261 673 323 730; x_wconf 88' lang='lat' dir='ltr'>in</span> <span class='ocrx_word' id='word_1_44' title='bbox 348 672 508 732; x_wconf 85' lang='lat' dir='ltr'>litora</span> <span class='ocrx_word' id='word_1_45' title='bbox 528 677 849 735; x_wconf 83' lang='lat' dir='ltr'>Taurorum</span> <span class='ocrx_word' id='word_1_46' title='bbox 879 678 1087 739; x_wconf 89' lang='lat' dir='ltr'>delatas</span> <span class='ocrx_word' id='word_1_47' title='bbox 1118 683 1532 741; x_wconf 83' lang='lat' dir='ltr'><strong>circumvenere</strong></span> 
     </span>
     <span class='ocr_line' id='line_1_8' title="bbox 260 755 1532 846; baseline 0.009 -32"><span class='ocrx_word' id='word_1_48' title='bbox 260 755 480 816; x_wconf 85' lang='lat' dir='ltr'>barbari</span> <span class='ocrx_word' id='word_1_49' title='bbox 502 806 520 830; x_wconf 86' lang='lat'>,</span> <span class='ocrx_word' id='word_1_50' title='bbox 554 758 812 840; x_wconf 64' lang='lat' dir='ltr'>praefecto</span> <span class='ocrx_word' id='word_1_51' title='bbox 843 763 1086 822; x_wconf 86' lang='lat' dir='ltr'>cohortis</span> <span class='ocrx_word' id='word_1_52' title='bbox 1112 812 1129 837; x_wconf 85' lang='lat'>‚</span> <span class='ocrx_word' id='word_1_53' title='bbox 1170 774 1227 826; x_wconf 87' lang='lat'>&amp;</span> <span class='ocrx_word' id='word_1_54' title='bbox 1257 762 1532 846; x_wconf 88' lang='lat' dir='ltr'>plerisque</span> 
     </span>
     <span class='ocr_line' id='line_1_9' title="bbox 258 843 1015 905; baseline 0.009 -7"><span class='ocrx_word' id='word_1_55' title='bbox 258 843 656 901; x_wconf 88' lang='lat' dir='ltr'>centurionum</span> <span class='ocrx_word' id='word_1_56' title='bbox 693 843 1015 905; x_wconf 62' lang='lat' dir='ltr'>interfectis</span> 
     </span>
    </p>

    <p class='ocr_par' dir='ltr' id='par_1_5' title="bbox 238 925 1534 2240">
     <span class='ocr_line' id='line_1_10' title="bbox 340 925 1534 1002; baseline 0.006 -20"><span class='ocrx_word' id='word_1_57' title='bbox 340 925 554 986; x_wconf 91' lang='lat' dir='ltr'><strong>XVIII.</strong></span> <span class='ocrx_word' id='word_1_58' title='bbox 594 929 861 988; x_wconf 82' lang='lat' dir='ltr'><strong>INTEREA</strong></span> <span class='ocrx_word' id='word_1_59' title='bbox 908 929 1271 989; x_wconf 71' lang='lat' dir='ltr'>Mithridates</span> <span class='ocrx_word' id='word_1_60' title='bbox 1302 977 1319 1002; x_wconf 84' lang='grc'>,</span> <span class='ocrx_word' id='word_1_61' title='bbox 1374 929 1534 989; x_wconf 90' lang='lat' dir='ltr'>nullo</span> 
     </span>
     <span class='ocr_line' id='line_1_11' title="bbox 254 1001 1532 1095; baseline 0.006 -31"><span class='ocrx_word' id='word_1_62' title='bbox 254 1001 317 1064; x_wconf 85' lang='lat' dir='ltr'>in</span> <span class='ocrx_word' id='word_1_63' title='bbox 345 1009 512 1066; x_wconf 86' lang='lat' dir='ltr'>armis</span> <span class='ocrx_word' id='word_1_64' title='bbox 537 1007 775 1069; x_wconf 86' lang='lat' dir='ltr'>subfidio</span> <span class='ocrx_word' id='word_1_65' title='bbox 795 1060 812 1084; x_wconf 81' lang='grc'>,</span> <span class='ocrx_word' id='word_1_66' title='bbox 855 1012 1125 1072; x_wconf 86' lang='lat' dir='ltr'>consultat</span> <span class='ocrx_word' id='word_1_67' title='bbox 1152 1022 1302 1095; x_wconf 88' lang='lat' dir='ltr'>cujus</span> <span class='ocrx_word' id='word_1_68' title='bbox 1324 1012 1532 1072; x_wconf 83' lang='lat' dir='ltr'>miseri-</span> 
     </span>
     <span class='ocr_line' id='line_1_12' title="bbox 256 1091 1531 1178; baseline 0.006 -30"><span class='ocrx_word' id='word_1_69' title='bbox 256 1091 509 1149; x_wconf 84' lang='lat' dir='ltr'>cordiam</span> <span class='ocrx_word' id='word_1_70' title='bbox 539 1094 891 1174; x_wconf 82' lang='lat' dir='ltr'>experiretur.</span> <span class='ocrx_word' id='word_1_71' title='bbox 941 1100 1124 1155; x_wconf 79' lang='lat' dir='ltr'>Frater</span> <span class='ocrx_word' id='word_1_72' title='bbox 1153 1099 1324 1174; x_wconf 90' lang='lat' dir='ltr'>Cotys</span> <span class='ocrx_word' id='word_1_73' title='bbox 1346 1145 1362 1169; x_wconf 84' lang='lat'>‚</span> <span class='ocrx_word' id='word_1_74' title='bbox 1399 1119 1531 1178; x_wconf 87' lang='lat' dir='ltr'>pro-</span> 
     </span>
     <span class='ocr_line' id='line_1_13' title="bbox 255 1173 1531 1251; baseline 0.006 -20"><span class='ocrx_word' id='word_1_75' title='bbox 255 1173 408 1233; x_wconf 88' lang='lat' dir='ltr'>ditor</span> <span class='ocrx_word' id='word_1_76' title='bbox 434 1174 573 1233; x_wconf 86' lang='lat' dir='ltr'>olim</span> <span class='ocrx_word' id='word_1_77' title='bbox 597 1224 614 1248; x_wconf 84' lang='lat'>,</span> <span class='ocrx_word' id='word_1_78' title='bbox 662 1177 867 1238; x_wconf 90' lang='lat' dir='ltr'>deinde</span> <span class='ocrx_word' id='word_1_79' title='bbox 907 1179 1071 1238; x_wconf 81' lang='lat' dir='ltr'>hostis</span> <span class='ocrx_word' id='word_1_80' title='bbox 1095 1227 1112 1251; x_wconf 84' lang='lat'>‚</span> <span class='ocrx_word' id='word_1_81' title='bbox 1157 1180 1531 1240; x_wconf 87' lang='lat' dir='ltr'>metuebatur.</span> 
     </span>
     <span class='ocr_line' id='line_1_14' title="bbox 251 1257 1530 1336; baseline 0.005 -19"><span class='ocrx_word' id='word_1_82' title='bbox 251 1257 646 1318; x_wconf 84' lang='lat' dir='ltr'>Romanorum</span> <span class='ocrx_word' id='word_1_83' title='bbox 669 1283 839 1321; x_wconf 89' lang='lat' dir='ltr'>nemo</span> <span class='ocrx_word' id='word_1_84' title='bbox 861 1262 923 1321; x_wconf 91' lang='lat' dir='ltr'>id</span> <span class='ocrx_word' id='word_1_85' title='bbox 946 1264 1282 1323; x_wconf 62' lang='lat' dir='ltr'>auctoritatis</span> <span class='ocrx_word' id='word_1_86' title='bbox 1305 1263 1493 1324; x_wconf 87' lang='lat' dir='ltr'>aderat</span> <span class='ocrx_word' id='word_1_87' title='bbox 1509 1311 1530 1336; x_wconf 87' lang='lat'>‚</span> 
     </span>
     <span class='ocr_line' id='line_1_15' title="bbox 251 1342 1530 1429; baseline 0.005 -29"><span class='ocrx_word' id='word_1_88' title='bbox 251 1362 317 1400; x_wconf 89' lang='lat' dir='ltr'>ut</span> <span class='ocrx_word' id='word_1_89' title='bbox 345 1342 607 1424; x_wconf 70' lang='lat' dir='ltr'>promissa</span> <span class='ocrx_word' id='word_1_90' title='bbox 633 1351 747 1425; x_wconf 91' lang='lat' dir='ltr'>ejus</span> <span class='ocrx_word' id='word_1_91' title='bbox 777 1348 969 1429; x_wconf 86' lang='lat' dir='ltr'>magni</span> <span class='ocrx_word' id='word_1_92' title='bbox 996 1346 1390 1428; x_wconf 85' lang='lat' dir='ltr'>penderentur.</span> <span class='ocrx_word' id='word_1_93' title='bbox 1431 1348 1530 1407; x_wconf 89' lang='lat' dir='ltr'>Ad</span> 
     </span>
     <span class='ocr_line' id='line_1_16' title="bbox 253 1427 1530 1511; baseline 0.007 -29"><span class='ocrx_word' id='word_1_94' title='bbox 253 1427 527 1485; x_wconf 87' lang='lat' dir='ltr'>Eunonen</span> <span class='ocrx_word' id='word_1_95' title='bbox 569 1429 843 1488; x_wconf 83' lang='lat' dir='ltr'>convertit</span> <span class='ocrx_word' id='word_1_96' title='bbox 868 1476 886 1501; x_wconf 84' lang='lat'>‚</span> <span class='ocrx_word' id='word_1_97' title='bbox 950 1431 1184 1511; x_wconf 87' lang='lat' dir='ltr'>propriis</span> <span class='ocrx_word' id='word_1_98' title='bbox 1225 1430 1368 1489; x_wconf 81' lang='lat' dir='ltr'>odiis</span> <span class='ocrx_word' id='word_1_99' title='bbox 1411 1453 1530 1491; x_wconf 89' lang='lat' dir='ltr'>non</span> 
     </span>
     <span class='ocr_line' id='line_1_17' title="bbox 250 1505 1528 1595; baseline 0.004 -27"><span class='ocrx_word' id='word_1_100' title='bbox 250 1505 534 1568; x_wconf 81' lang='lat' dir='ltr'>infensum</span> <span class='ocrx_word' id='word_1_101' title='bbox 553 1559 570 1583; x_wconf 91' lang='lat'>,</span> <span class='ocrx_word' id='word_1_102' title='bbox 613 1520 670 1572; x_wconf 65' lang='grc' dir='ltr'>δέ</span> <span class='ocrx_word' id='word_1_103' title='bbox 695 1514 882 1572; x_wconf 76' lang='lat' dir='ltr'>recens</span> <span class='ocrx_word' id='word_1_104' title='bbox 909 1512 1204 1595; x_wconf 61' lang='lat' dir='ltr'>conjuncta</span> <span class='ocrx_word' id='word_1_105' title='bbox 1231 1511 1528 1573; x_wconf 86' lang='lat' dir='ltr'>nobiscum</span> 
     </span>
     <span class='ocr_line' id='line_1_18' title="bbox 251 1591 1525 1678; baseline 0.004 -26"><span class='ocrx_word' id='word_1_106' title='bbox 251 1591 495 1652; x_wconf 65' lang='lat' dir='ltr'>amicitia</span> <span class='ocrx_word' id='word_1_107' title='bbox 511 1641 527 1666; x_wconf 89' lang='lat'>,</span> <span class='ocrx_word' id='word_1_108' title='bbox 551 1595 819 1655; x_wconf 85' lang='lat' dir='ltr'>validum.</span> <span class='ocrx_word' id='word_1_109' title='bbox 847 1597 1020 1678; x_wconf 83' lang='lat' dir='ltr'>Igitur</span> <span class='ocrx_word' id='word_1_110' title='bbox 1039 1595 1191 1656; x_wconf 90' lang='lat' dir='ltr'>cultu</span> <span class='ocrx_word' id='word_1_111' title='bbox 1208 1645 1226 1669; x_wconf 80' lang='grc'>,</span> <span class='ocrx_word' id='word_1_112' title='bbox 1253 1596 1525 1678; x_wconf 85' lang='lat' dir='ltr'>vultuque</span> 
     </span>
     <span class='ocr_line' id='line_1_19' title="bbox 247 1675 1527 1760; baseline 0.005 -28"><span class='ocrx_word' id='word_1_113' title='bbox 247 1675 421 1755; x_wconf 70' lang='lat' dir='ltr'>quarn</span> <span class='ocrx_word' id='word_1_114' title='bbox 459 1679 702 1738; x_wconf 75' lang='lat' dir='ltr'>maxime</span> <span class='ocrx_word' id='word_1_115' title='bbox 746 1680 820 1738; x_wconf 86' lang='lat' dir='ltr'>ad</span> <span class='ocrx_word' id='word_1_116' title='bbox 866 1679 1187 1760; x_wconf 66' lang='lat' dir='ltr'>praesentem</span> <span class='ocrx_word' id='word_1_117' title='bbox 1237 1678 1527 1739; x_wconf 84' lang='lat' dir='ltr'>fortunam</span> 
     </span>
     <span class='ocr_line' id='line_1_20' title="bbox 247 1762 1525 1847; baseline 0.006 -31"><span class='ocrx_word' id='word_1_118' title='bbox 247 1781 572 1840; x_wconf 89' lang='lat' dir='ltr'>comparato</span> <span class='ocrx_word' id='word_1_119' title='bbox 592 1810 610 1835; x_wconf 85' lang='lat'>‚</span> <span class='ocrx_word' id='word_1_120' title='bbox 645 1763 859 1845; x_wconf 83' lang='lat' dir='ltr'>regiam</span> <span class='ocrx_word' id='word_1_121' title='bbox 882 1762 1227 1847; x_wconf 81' lang='lat' dir='ltr'>ingreditur,</span> <span class='ocrx_word' id='word_1_122' title='bbox 1265 1762 1525 1846; x_wconf 82' lang='lat' dir='ltr'>genibus·-</span> 
     </span>
     <span class='ocr_line' id='line_1_21' title="bbox 245 1846 1518 1925; baseline 0.003 -24"><span class='ocrx_word' id='word_1_123' title='bbox 245 1864 357 1922; x_wconf 82' lang='lat' dir='ltr'>que</span> <span class='ocrx_word' id='word_1_124' title='bbox 407 1851 522 1924; x_wconf 83' lang='lat' dir='ltr'>ejus</span> <span class='ocrx_word' id='word_1_125' title='bbox 549 1887 551 1889; x_wconf 92' lang='lat'>-</span> <span class='ocrx_word' id='word_1_126' title='bbox 577 1846 899 1925; x_wconf 87' lang='lat' dir='ltr'>provolutus</span> <span class='ocrx_word' id='word_1_127' title='bbox 927 1894 945 1918; x_wconf 83' lang='lat'>‚</span> <span class='ocrx_word' id='word_1_128' title='bbox 1009 1874 1043 1897; x_wconf 75' lang='lat' dir='ltr'>oc</span> <span class='ocrx_word' id='word_1_129' title='bbox 1067 1846 1432 1906; x_wconf 85' lang='lat' dir='ltr'>Mithridates</span> <span class='ocrx_word' id='word_1_130' title='bbox 1455 1876 1518 1920; x_wconf 62' lang='grc' dir='ltr'>ο),</span> 
     </span>
     <span class='ocr_line' id='line_1_22' title="bbox 243 1924 1520 2009; baseline 0.005 -25"><span class='ocrx_word' id='word_1_131' title='bbox 243 1924 463 2006; x_wconf 83' lang='lat' dir='ltr'>inquit,</span> <span class='ocrx_word' id='word_1_132' title='bbox 501 1927 695 1986; x_wconf 64' lang='lat' dir='ltr'>«terra</span> <span class='ocrx_word' id='word_1_133' title='bbox 726 1929 977 2009; x_wconf 88' lang='lat' dir='ltr'>marique</span> <span class='ocrx_word' id='word_1_134' title='bbox 1008 1929 1281 1988; x_wconf 85' lang='lat' dir='ltr'>Romanis</span> <span class='ocrx_word' id='word_1_135' title='bbox 1311 1951 1407 2009; x_wconf 87' lang='lat' dir='ltr'>per</span> <span class='ocrx_word' id='word_1_136' title='bbox 1432 1950 1520 1990; x_wconf 90' lang='lat' dir='ltr'>tot</span> 
     </span>
     <span class='ocr_line' id='line_1_23' title="bbox 242 2009 1518 2094; baseline 0.009 -32"><span class='ocrx_word' id='word_1_137' title='bbox 242 2030 463 2068; x_wconf 63' lang='lat' dir='ltr'>mannos</span> <span class='ocrx_word' id='word_1_138' title='bbox 489 2010 745 2091; x_wconf 79' lang='lat' dir='ltr'>quaesitus.</span> <span class='ocrx_word' id='word_1_139' title='bbox 765 2060 783 2085; x_wconf 90' lang='lat'><strong>,</strong></span> <span class='ocrx_word' id='word_1_140' title='bbox 820 2011 1014 2094; x_wconf 87' lang='lat' dir='ltr'>sponte</span> <span class='ocrx_word' id='word_1_141' title='bbox 1044 2009 1256 2070; x_wconf 85' lang='lat' dir='ltr'>adsum.</span> <span class='ocrx_word' id='word_1_142' title='bbox 1300 2014 1478 2073; x_wconf 85' lang='lat' dir='ltr'>Utere</span> <span class='ocrx_word' id='word_1_143' title='bbox 1498 2061 1518 2086; x_wconf 87' lang='lat'>‚</span> 
     </span>
     <span class='ocr_line' id='line_1_24' title="bbox 240 2092 1518 2179; baseline 0.007 -31"><span class='ocrx_word' id='word_1_144' title='bbox 240 2112 349 2151; x_wconf 72' lang='lat' dir='ltr'>nou-t</span> <span class='ocrx_word' id='word_1_145' title='bbox 367 2092 520 2152; x_wconf 85' lang='lat' dir='ltr'>voles</span> <span class='ocrx_word' id='word_1_146' title='bbox 535 2142 552 2166; x_wconf 91' lang='lat'><strong><em>,</em></strong></span> <span class='ocrx_word' id='word_1_147' title='bbox 576 2094 732 2175; x_wconf 87' lang='lat' dir='ltr'>prole</span> <span class='ocrx_word' id='word_1_148' title='bbox 751 2095 943 2179; x_wconf 82' lang='lat' dir='ltr'>magni</span> <span class='ocrx_word' id='word_1_149' title='bbox 956 2095 1308 2155; x_wconf 84' lang='lat' dir='ltr'>Achaemenis</span> <span class='ocrx_word' id='word_1_150' title='bbox 1322 2144 1338 2168; x_wconf 88' lang='lat'>‚</span> <span class='ocrx_word' id='word_1_151' title='bbox 1360 2097 1518 2178; x_wconf 88' lang='lat' dir='ltr'>quod</span> 
     </span>
     <span class='ocr_line' id='line_1_25' title="bbox 238 2175 1451 2240; baseline 0.004 -7"><span class='ocrx_word' id='word_1_152' title='bbox 238 2175 429 2234; x_wconf 62' lang='lat' dir='ltr'>mmihi</span> <span class='ocrx_word' id='word_1_153' title='bbox 454 2175 637 2237; x_wconf 89' lang='lat' dir='ltr'>solum</span> <span class='ocrx_word' id='word_1_154' title='bbox 666 2181 842 2240; x_wconf 89' lang='lat' dir='ltr'>hostes</span> <span class='ocrx_word' id='word_1_155' title='bbox 882 2203 995 2238; x_wconf 92' lang='lat' dir='ltr'>non</span> <span class='ocrx_word' id='word_1_156' title='bbox 1031 2178 1368 2238; x_wconf 84' lang='lat' dir='ltr'>abstulerunt</span> <span class='ocrx_word' id='word_1_157' title='bbox 1389 2209 1451 2238; x_wconf 66' lang='grc' dir='ltr'>ω.</span> 
     </span>
    </p>

    <p class='ocr_par' dir='ltr' id='par_1_6' title="bbox 235 2260 1543 2682">
     <span class='ocr_line' id='line_1_26' title="bbox 322 2260 1517 2336; baseline 0.004 -19"><span class='ocrx_word' id='word_1_158' title='bbox 322 2260 483 2320; x_wconf 87' lang='grc' dir='ltr'><strong>ΧΙΧ.</strong></span> <span class='ocrx_word' id='word_1_159' title='bbox 529 2261 622 2321; x_wconf 75' lang='lat' dir='ltr'>Ar</span> <span class='ocrx_word' id='word_1_160' title='bbox 667 2267 936 2324; x_wconf 77' lang='lat' dir='ltr'>EuNoNEs</span> <span class='ocrx_word' id='word_1_161' title='bbox 988 2262 1318 2322; x_wconf 86' lang='lat' dir='ltr'>claritudine</span> <span class='ocrx_word' id='word_1_162' title='bbox 1360 2264 1463 2323; x_wconf 87' lang='lat' dir='ltr'>viri</span> <span class='ocrx_word' id='word_1_163' title='bbox 1493 2281 1517 2336; x_wconf 76' lang='lat'>‚‘</span> 
     </span>
     <span class='ocr_line' id='line_1_27' title="bbox 236 2344 1511 2428; baseline 0.005 -28"><span class='ocrx_word' id='word_1_164' title='bbox 236 2344 554 2404; x_wconf 77' lang='lat' dir='ltr'>mutatione</span> <span class='ocrx_word' id='word_1_165' title='bbox 604 2368 791 2408; x_wconf 89' lang='lat' dir='ltr'>rerum</span> <span class='ocrx_word' id='word_1_166' title='bbox 827 2397 845 2422; x_wconf 89' lang='lat'>,</span> <span class='ocrx_word' id='word_1_167' title='bbox 895 2355 952 2407; x_wconf 86' lang='lat'>&amp;</span> <span class='ocrx_word' id='word_1_168' title='bbox 995 2369 1158 2428; x_wconf 78' lang='lat' dir='ltr'>prece</span> <span class='ocrx_word' id='word_1_169' title='bbox 1205 2345 1355 2405; x_wconf 86' lang='lat' dir='ltr'>haud</span> <span class='ocrx_word' id='word_1_170' title='bbox 1407 2347 1511 2407; x_wconf 87' lang='lat' dir='ltr'>de-</span> 
     </span>
     <span class='ocr_line' id='line_1_28' title="bbox 240 2428 1513 2511; baseline 0.002 -26"><span class='ocrx_word' id='word_1_171' title='bbox 240 2448 444 2507; x_wconf 85' lang='lat' dir='ltr'>genere</span> <span class='ocrx_word' id='word_1_172' title='bbox 490 2451 775 2510; x_wconf 87' lang='lat' dir='ltr'>permotus</span> <span class='ocrx_word' id='word_1_173' title='bbox 809 2481 827 2506; x_wconf 88' lang='lat'>‚</span> <span class='ocrx_word' id='word_1_174' title='bbox 881 2430 1104 2490; x_wconf 75' lang='lat' dir='ltr'>adlevat</span> <span class='ocrx_word' id='word_1_175' title='bbox 1159 2428 1460 2511; x_wconf 86' lang='lat' dir='ltr'>supplicem</span> <span class='ocrx_word' id='word_1_176' title='bbox 1489 2476 1513 2503; x_wconf 88' lang='lat'><strong>,</strong></span> 
     </span>
     <span class='ocr_line' id='line_1_29' title="bbox 239 2509 1543 2598; baseline 0.002 -29"><span class='ocrx_word' id='word_1_177' title='bbox 239 2509 539 2596; x_wconf 84' lang='lat' dir='ltr'>laudatque</span> <span class='ocrx_word' id='word_1_178' title='bbox 591 2541 625 2566; x_wconf 79' lang='lat' dir='ltr'>uc</span> <span class='ocrx_word' id='word_1_179' title='bbox 648 2516 804 2597; x_wconf 75' lang='lat' dir='ltr'>quod</span> <span class='ocrx_word' id='word_1_180' title='bbox 867 2536 1097 2598; x_wconf 83' lang='lat' dir='ltr'>gentem</span> <span class='ocrx_word' id='word_1_181' title='bbox 1153 2511 1458 2572; x_wconf 83' lang='lat' dir='ltr'>Aorsorum</span> <span class='ocrx_word' id='word_1_182' title='bbox 1487 2518 1543 2585; x_wconf 59' lang='grc' dir='ltr'>,Γ</span> 
     </span>
     <span class='ocr_line' id='line_1_30' title="bbox 235 2596 1529 2682; baseline 0.003 -26"><span class='ocrx_word' id='word_1_183' title='bbox 235 2599 438 2682; x_wconf 60' lang='lat' dir='ltr'>:quod</span> <span class='ocrx_word' id='word_1_184' title='bbox 482 2596 644 2659; x_wconf 79' lang='lat' dir='ltr'>suam</span> <span class='ocrx_word' id='word_1_185' title='bbox 689 2599 981 2661; x_wconf 86' lang='lat' dir='ltr'>dexteram</span> <span class='ocrx_word' id='word_1_186' title='bbox 1034 2596 1284 2680; x_wconf 62' lang='lat' dir='ltr'>petenda-e</span> <span class='ocrx_word' id='word_1_187' title='bbox 1334 2597 1529 2660; x_wconf 69' lang='lat' dir='ltr'>veniae&#39;</span> 
     </span>
    </p>
   </div>
  </div>
 </body>
</html>
