1637 2917
253 133 374 208 '508
462 127 532 185 IN
574 124 824 188 Lunum
869 144 1394 192 sex-rumnrcmmt

256 226 514 294 Agrippini
542 242 671 292 pater
692 265 705 287 ‚
737 226 914 276 Tiberii
941 225 1133 288 saevitia,
1165 243 1402 295 tamquam
1427 239 1539 283 ma?

253 295 420 354 jestatis
462 311 562 341 reus
595 331 608 353 ,
653 295 878 341 innocens
919 293 1181 342 conciderat
1211 312 1226 355 3
1269 310 1317 342 ut
1357 295 1532 345 dicetur

252 359 377 425 Cap.
395 357 488 426 seq.
517 358 640 410 Vide
665 366 710 408 &
731 360 1006 410 Suetonium
1024 361 1072 407 in
1092 359 1251 406 Tiber.
1276 359 1399 426 Cap.
1418 368 1498 409 61.

321 425 532 475 Curtium
562 423 853 476 Montanum.
887 425 964 474 De
984 442 1079 494 quo
1102 424 1250 476 adhuc
1266 424 1384 475 infra
1404 425 1529 476 Hist-

254 489 346 552 IV,
367 510 428 550 40
451 498 495 539 δε
516 510 596 550 42.

318 557 492 606 Pacem
523 557 593 607 illi
616 572 696 618 per
723 555 870 605 orbem
903 569 1056 606 terroe.
1098 554 1332 606 Confe&o
1357 557 1533 608 Arme·-

249 624 388 673 niaco
425 624 548 672 bello
572 662 584 684 ,
624 639 731 671 tunc
771 621 897 690 quast
927 637 1096 687 pacato
1131 638 1351 684 terrarum
1382 624 1530 685 orbe,

245 690 420 744 Janum
435 689 588 738 claufit
605 688 655 738 N
658 707 736 737 ero
754 707 769 750 3
791 697 835 736 &
857 689 983 736 cusus
1009 690 1073 736 est
1090 693 1183 737 aere'
1193 707 1368 757 magno
1389 708 1531 738 num-

246 775 351 810 mus
374 776 386 805 ε
420 773 534 806 IMP.
555 771 695 803 NERO
720 771 908 803 CLAVD·
931 771 1070 805 cAEs.
1093 770 1259 804 GERM.
1284 772 1327 804 P.
1353 772 1414 804 M.
1439 772 1527 806 TR.

241 817 293 874 ξ’.
315 838 441 871 XIII.
469 839 513 870 P.
536 838 581 871 P.
617 820 787 885 Capite
818 821 1040 869 laureato.
1081 821 1137 868 In
1172 821 1329 870 aversa
1365 837 1495 888 parte
1513 860 1528 885 ‚

237 901 374 945 &Aen
390 904 457 937 PR
477 902 657 937 TERRA
676 902 930 944 MARIQVE
950 902 1124 936 PARTA
1145 902 1325 936 IANVM
1340 902 1530 938 chsrr

241 970 317 1006 sc.
340 954 394 1004 Id
416 955 504 1016 est,
536 952 789 1016 Imperator
813 952 944 1004 Nero
964 951 1193 1003 Claudius
1218 951 1377 1019 Caesar
1391 953 1525 1005 Ger-

239 1020 478 1083 manicus,
493 1018 700 1083 pontifex
721 1019 950 1071 maximus
966 1058 981 1083 ‚
1003 1018 1262 1070 tribuniciae
1288 1019 1524 1088 potestatis

239 1106 354 1137 ann.
369 1102 479 1136 xm
500 1125 513 1148 ,
528 1101 659 1148 parer
673 1085 862 1149 patriae,
877 1101 995 1148 pace
1007 1083 1159 1148 populi
1178 1084 1378 1136 Romani
1398 1086 1524 1140 terrd

237 1153 444 1219 marique
458 1154 595 1214 parisi
619 1191 637 1215 ‚
672 1151 849 1203 Janum
875 1152 947 1201 clu
966 1150 1457 1217 zt.SenatustonJZilc0.

303 1218 396 1270 Pro
412 1217 665 1284 sblitudine
692 1219 896 1269 haberet.
999 1237 1024 1267 e
1063 1217 1326 1268 ambitionis
1366 1230 1520 1287 pravae

238 1302 511 1352 compotem
559 1285 760 1336 facerent
810 1285 1052 1335 hominem
1082 1324 1095 1345 ‚
1148 1284 1281 1335 bonis
1326 1286 1524 1350 publicis

235 1355 443 1412 maestum
465 1390 478 1412 ,
513 1352 563 1398 in
602 1350 711 1400 foris
729 1391 743 1412 ,
785 1352 966 1401 theatris
992 1390 1006 1412 ‚
1044 1353 1226 1415 templis
1247 1389 1261 1411 ‚
1301 1367 1453 1400 rarum
1475 1358 1523 1401 δε
1550 1355 1564 1368 “

233 1418 576 1487 infrequentem
598 1456 610 1477 ‚
648 1423 692 1465 &
724 1416 767 1465 se
789 1417 924 1466 Urbe
956 1415 1178 1464 ceffurum
1210 1417 1518 1468 minitantem.

235 1481 357 1536 Haec
388 1485 457 1532 illi
488 1500 588 1537 non
613 1482 756 1541 videri
783 1498 967 1548 patrum
991 1479 1197 1530 consulta
1213 1519 1226 1542 ,
1260 1500 1360 1530 non
1386 1501 1520 1533 veros

232 1551 521 1618 magistratus
541 1587 555 1609 ‚
575 1558 686 1596 ‘non
715 1549 844 1597 illam
876 1546 1024 1614 ipsam
1053 1546 1214 1595 urbem
1238 1547 1519 1600 Romanam.

230 1616 365 1684 Ergo
389 1616 682 1681 abrumperet
711 1617 852 1664 vitam
885 1614 942 1662 ab
973 1615 1027 1662 ea‘i
1060 1615 1272 1675 civitate,
1306 1616 1432 1679 cujus
1469 1629 1518 1672 ut
1595 1618 1599 1622 ’

231 1684 349 1731 olim
388 1685 654 1745 caritatem,
685 1699 811 1731 nunc
845 1687 890 1728 &
922 1679 1137 1729 affectum
1178 1679 1377 1730 exuisset.
1420 1680 1514 1732 Pro
1592 1724 1593 1729 ,

211 1747 471 1819 Jblituditze
496 1746 681 1796 haberet
696 1787 711 1810 ,
735 1748 784 1797 id
806 1749 893 1808 est,
919 1762 967 1795 ut
993 1745 1115 1795 recte
1137 1747 1336 1812 explicat
1357 1747 1516 1808 illustr,

229 1814 462 1877 Huetius,
496 1828 590 1876 tam
629 1811 731 1864 raro
764 1813 1109 1883 frequentaret,
1141 1811 1283 1880 quam
1315 1812 1513 1879 solitudo

227 1881 513 1951 ¹frequentari
540 1879 667 1937 solet.

295 2014 424 2064 CAP.
447 2011 639 2064 XXIX.
669 2011 828 2075 Neque
841 2007 1011 2074 famosi
1038 2008 1275 2059 carminis.
1305 2009 1424 2060 Non
1444 2012 1506 2069 ob

225 2078 453 2131 famosum
471 2095 681 2138 carmen,
709 2075 783 2126 sed
800 2078 907 2143 quia
923 2078 1103 2142 ingenii
1122 2076 1374 2144 specimina
1391 2095 1509 2143 pro.-
1554 2073 1562 2121 ἒ
1631 2111 1633 2113 ·

225 2148 407 2206 tulerit,
439 2146 644 2195 extorris.
670 2143 832 2196 Postea
855 2141 1110 2192 Montanus
1130 2181 1144 2204 ,
1174 2159 1274 2192 non
1307 2146 1507 2206 melior,

224 2212 302 2273 sed
330 2211 618 2278 Principibus
654 2210 924 2276 acceptior,
1010 2208 1243 2258 udendam
1282 2208 1404 2267 hanc
1445 2212 1504 2262 de

224 2276 654 2343 rhombo&pat‘infi
670 2275 937 2327 sententiam
990 2277 1091 2338 ‘xit‚
1112 2292 1254 2344 quam
1272 2293 1502 2342 memorat
1537 2307 1540 2310 <
1618 2283 1622 2286 ’

224 2343 462 2405 Juvenalis
481 2344 568 2404 IV,
598 2349 703 2407 136.

290 2473 417 2525 CAP.
448 2472 616 2530 XXX.
653 2473 851 2532 Rubellii
883 2471 1061 2526 Plauti.
1102 2471 1182 2524 De
1225 2488 1322 2553 quo
1363 2475 1496 2542 supra

222 2542 547 2678 §igiditio’nes
582 2605 834 2664 civitatum·
870 2605 1127 2667 seditiones
1159 2605 1365 2682 appellat
1393 2603 1502 2663 vim
