1659 2917
253 133 716 179 ANNALIUM
769 114 934 174 L113.
990 113 1152 175 XIII.
1246 128 1354 195 151·

107 232 116 254 ⁷
171 212 415 277 XLVII.
470 216 796 273 HACTENUS
841 215 995 271 Nero
1039 213 1259 295 flagitiis
1301 222 1570 275 δίε-τις

84 294 376 358 sceleribus
390 297 709 356 velamenta
727 295 986 376 quaesivit.
1005 296 1355 378 Suspestabat
1387 304 1434 344 A.
1455 305 1506 343 U·
1524 302 1577 344 C·

82 382 326 442 maxime
353 379 691 441 Cornelium
718 378 929 437 Sullam
950 426 966 450 ,
991 377 1172 437 socors
1195 381 1356 461 inge—
1429 375 1538 416 8¹¹·

77 466 238 525 nium
270 473 385 547 ejus
420 465 479 524 in
515 462 856 523 contrarium
892 462 1113 520 trahens
1139 508 1155 534 ,
1203 463 1357 522 calli—
1423 445 1543 559 J.8c.

77 548 331 629 dumque
378 558 436 609 ὃς
481 546 863 606 fimulatorem
911 546 1355 627 interpretando·
1442 522 1462 568 ς
1501 541 1518 561 ’

77 634 274 707 Quem
308 653 528 691 metum
566 633 806 712 Graptus
832 677 848 702 ,
901 651 967 688 ex
1001 628 1214 688 libertis
1237 631 1360 687 Cec-

80 713 209 774 satis
237 762 253 787 ,
307 713 403 774 usu
445 723 503 774 &
550 711 766 772 seneesta
816 739 848 774 a
900 712 1139 772 Tiberio
1185 710 1358 792 usque

78 797 320 856 domum
338 797 660 879 Principum
677 795 1043 877 edostusaetali
1060 796 1361 855 mendacio

79 880 341 940 intendit.
405 884 549 939 Pons
578 880 815 939 Milvius
856 880 915 937 in
956 903 1024 939 eo
1055 900 1310 962 tempore
1343 926 1362 952 ‚

77 963 310 1023 celebris
339 965 623 1023 noeturnis
652 963 950 1022 inlecebris
982 984 1099 1022 erat
1125 989 1136 1020 :
1174 963 1363 1021 venti-

0 1117 1 1121 *
77 1047 340 1129 tabatque
366 1047 498 1106 illuc
521 1049 674 1107 Nero
700 1094 715 1118 ‚
745 1048 857 1126 quo
885 1045 1116 1105 solutius
1137 1045 1365 1105 Urbem

78 1151 230 1190 extra
267 1128 554 1190 lasciviret.
620 1130 798 1211 Igitur
838 1129 1227 1211 «regredienti
1267 1150 1368 1212 per

76 1213 272 1271 :oviam
297 1212 631 1271 Flaminiam
658 1211 988 1294 compositas
1009 1210 1231 1271 infidias
1249 1259 1264 1284 ‚
1288 1210 1370 1271 fa-

74 1316 293 1376 ustoque
318 1296 546 1355 evitatas
562 1342 580 1368 ,
623 1296 894 1375 quoniam
918 1294 1137 1355 diverso
1161 1295 1368 1355 itinere

73 1378 470 1438 »Sallustianos
490 1380 551 1437 in
573 1379 765 1437 hortos
790 1380 1155 1452 remeaverit,
1179 1382 1368 1438 aueto-

73 1482 354 1543 aeremque
393 1469 509 1543 ejus
545 1461 664 1520 doli
699 1460 958 1520 Sullam»
979 1510 995 1535 ,
1029 1462 1366 1523 ementitur:

73 1545 206 1626 quia
224 1542 390 1617 forte,
410 1544 772 1605 redeuntibus
797 1545 1057 1604 ministris
1072 1547 1363 1629 Principi3‚

74 1628 308 1709 quidam
333 1677 348 1699 ‚
391 1651 488 1710 per
518 1627 827 1709 juvenilem
863 1628 1153 1688 licentiam
1179 1677 1195 1701 ‚
1242 1653 1364 1710 qua:

77 1731 209 1770 tunc
237 1711 425 1792 paffim
451 1710 808 1770 exercebatur
829 1756 844 1781 ‚
884 1711 1113 1771 inanem
1137 1733 1362 1772 metum

75 1791 342 1852 fecerant.
423 1795 624 1874 Neque
681 1792 966 1852 servorum
1017 1793 1312 1876 quisquam
1341 1843 1360 1869 ‚

73 1899 258 1957 neque
289 1875 585 1935 clientium
608 1875 768 1935 Sullae
791 1877 1010 1958 agnitus
1038 1901 1049 1933 :
1093 1879 1363 1938 maxime-

75 1982 185 2041 que
215 1958 469 2042 despecsta
485 2007 501 2031 ‚
525 1968 584 2018 δε
606 1958 812 2018 nullius
840 1959 950 2018 ausi
975 1984 1140 2044 capax
1162 1983 1362 2022 natura

73 2051 189 2124 ejus
221 2089 238 2114 ,
299 2067 331 2101 a
380 2043 616 2103 crimine
675 2042 1014 2102 abhorrebat
1053 2069 1064 2102 :
1123 2046 1358 2127 perinde

74 2146 302 2197 tament,
333 2126 482 2206 quasi
507 2125 792 2185 convietus
818 2124 951 2186 effer
971 2175 990 2199 ‚
1029 2129 1228 2188 cedere
1258 2154 1359 2212 pa·-

75 2208 180 2268 tria
204 2255 221 2280 ‚
261 2217 318 2268 &
347 2209 771 2283 Massiliensium
802 2210 1084 2272 moenibus
1108 2215 1356 2274 coerceri

73 2291 316 2373 jubetur.

156 2375 416 2435 XLVIII.
470 2378 531 2435 11
552 2400 671 2436 sur
690 2399 738 2435 M
788 2376 1104 2438 consulibus
1151 2379 1355 2438 auditae

73 2456 507 2518 Puteolanorum
547 2459 855 2541 legationes
883 2512 900 2537 ‚
942 2486 1076 2543 quas
1113 2461 1352 2522 diversas

68 2539 214 2600 ordo
237 2539 535 2624 plebesque
564 2545 635 2604 ad
657 2543 913 2608 senatum
940 2545 1205 2687 migrant
1229 2569 1241 2603 ε
1266 2542 1375 2607 illi

1125 2649 1182 2687 iv
