1637 2917
368 133 864 178 ''ANNALIUM
923 113 1194 177 NoTAE.
1315 136 1440 197 493·

228 207 398 268 Graeco
413 216 511 281 ejas
529 216 593 265 rei
612 214 844 268 vocabulo.
860 215 1060 265 Proinde
1079 218 1437 285 cognominatus

158 283 230 338 est
252 281 469 331 Milichus
492 280 647 332 Soter.
673 279 837 331 Graece
856 294 1072 332 ΣΩΤΗΡ.

232 345 284 398 V
281 349 460 398 unitate
486 347 639 398 exitas
671 348 884 415 corrupit.
925 348 1127 398 Veniam
1151 386 1165 410 ‚
1201 367 1342 418 quam
1379 351 1436 400 ab

76 403 78 406 V
157 407 446 480 “Imperatore
473 431 743 481 acceperat,
776 415 1039 466 voluntariae
1056 432 1214 465 mortis
1238 421 1437 467 vanitate

161 482 340 529 irritam
359 481 479 531 fecit.
499 482 648 531 Aliter
668 481 855 549 quidem
874 482 1070 546 explicat
1091 483 1288 531 eruditus
1310 484 1438 553 Ryc-

159 544 264 594 kius
287 566 298 595 z
323 547 607 597 abolitionem
612 547 706 614 sthi
729 566 756 596 a
781 546 995 610 Principe
1021 546 1241 598 indultam
1259 550 1437 599 irritam

158 611 360 663 reddidit
387 615 477 664 alio
503 632 606 665 mox
633 615 820 664 crimine
845 653 860 676 ‚
895 612 1009 679 quod
1034 615 1178 674 capite
1203 614 1303 665 luit.
1344 615 1436 667 Eas

159 680 379 747 ambages
409 699 505 729 non
526 683 694 747 patitur
715 695 926 729 accurata
942 679 1096 728 Taciti
1114 681 1322 731 brevitas.

136 764 151 775 κ
225 743 317 794 Per
329 746 592 796 amicitiam.
608 745 747 796 Forte
758 762 940 810 propter
956 746 1206 796 amicitiam
1222 746 1433 813 Senecae,

157 827 209 860 ut
226 811 322 860 vult
341 811 418 861 Cl.
437 810 668 861 Ernestus.

138 918 142 920 —
219 875 270 929 V
269 878 511 944 erginium.
561 878 740 928 Rhetor
773 878 856 928 fuit
892 878 1177 994 VergssinIus,
1211 885 1258 928 δε
1293 877 1430 930 Perffi

152 960 410 1009 praeceptor
428 983 442 1005 ,
471 960 518 993 ut
543 945 694 995 videre
713 946 775 994 est
800 950 849 994 in
869 944 981 996 Vita
1041 944 1153 994 erfii.

221 1008 286 1058 Et
310 1009 495 1073 Rufum.
529 1012 703 1061 Rufum
729 1011 997 1061 Musonium
1013 1051 1026 1072 ,
1066 1009 1394 1077 philosophum
1413 1026 1432 1073 ,'

152 1074 251 1138 jam
281 1094 587 1126 memoratum
609 1077 741 1147 supra
762 1078 938 1127 Annal.
959 1077 1099 1140 XIV,
1124 1094 1201 1140 59.
1236 1076 1356 1127 Eum
1377 1081 1430 1136 in

148 1140 350 1192 'insulam
390 1142 602 1210 Gyarum
621 1184 635 1207 ‚
666 1162 791 1194 nunc
818 1144 998 1207 Joura,
1038 1143 1276 1210 expulsum
1301 1141 1430 1194 fuiffe

155 1208 288 1259 tradit
315 1209 610 1260 Philostratus
630 1251 643 1272 ,
678 1212 777 1263 Vit.
805 1211 1035 1277 Apollon.
1058 1211 1153 1265 VII
1171 1250 1185 1274 ‚
1220 1218 1294 1261 16.

215 1273 375 1342 AEgaei
394 1277 552 1327 maris.
588 1278 639 1327 N
643 1295 734 1327 unc
756 1276 1024 1339 Z'Archipel.

148 1393 153 1396 .
217 1340 455 1408 Caeanius
487 1342 746 1398 Maximus.
780 1344 865 1393 Ille
892 1345 958 1393 est
1003 1418 1006 1421 ,

373 1450 550 1496 Facundi
575 1455 736 1500 Senecoe
761 1468 899 1513 potens
927 1455 1087 1500 amicus.

146 1540 210 1590 ‘de
242 1557 336 1608 quo
369 1541 595 1591 Martialis
624 1543 720 1594 VII
741 1583 754 1605 ‚
786 1564 865 1604 44.
907 1545 1028 1595 Eum
1044 1534 1246 1596 'exsulem
1275 1548 1434 1595 comi-2

151 1620 266 1658 tatus
302 1607 367 1656 est
398 1606 596 1659 Ovidius
628 1628 655 1660 a
682 1610 888 1661 Martiali
918 1612 1014 1664 VII
1033 1651 1048 1675 ‚
1081 1631 1139 1678 43
1162 1649 1178 1673 ,
1205 1612 1429 1662 laudatus.

215 1748 340 1799 CAP.
370 1746 580 1801 LXXII.
618 1752 741 1803 Bina
770 1753 998 1806 mammam
1029 1753 1186 1806 millia.
1221 1754 1434 1808 Monetae·

150 1814 344 1866 Gallicae
375 1817 498 1868 librae
528 1818 629 1868 sunt
664 1826 773 1884 389.
1392 1862 1395 1865 »
1437 1833 1441 1835 “

214 1880 294 1932 Ex
345 1883 471 1933 modo
518 1903 712 1936 annonae
759 1885 1016 1938 utebantur.
1081 1885 1382 1940 Frumentum
1410 1903 1430 1953 5‘

147 1948 276 2016 quod
310 1951 416 1998 ante
442 1953 568 2013 juxta
593 1953 785 2001 modum
809 1972 1007 2002 annonae
1032 1955 1245 2006 emebant
1265 1996 1279 2018 ‚
1313 1975 1424 2023 gra-

151 2017 314 2064 tuitum
338 2015 476 2065 dedit.
511 2018 755 2067 Suetonius
777 2058 789 2080 ‚
817 2023 865 2068 in
891 2020 1007 2068 Ner.
1027 2020 1148 2086 Cap.
1175 2041 1232 2071 10
1251 2062 1264 2083 ,
1291 2022 1424 2072 Nero

155 2082 387 2130 constituit
399 2085 694 2158 praetorianis
710 2084 963 2136 cohortibus
977 2085 1262 2150 framentum
1277 2089 1423 2154 mens-

157 2159 306 2198 truum
332 2162 602 2212 gratuitum.
934 2196 950 2208 ,
1021 2210 1024 2212 ,

213 2211 470 2277 Coasizlari.
521 2216 792 2266 Petronium
827 2217 1159 2285 Turpilianum
1192 2217 1424 2270 consulem

146 2279 342 2332 vidimus
375 2279 508 2345 supra
531 2283 708 2332 Annal.
728 2283 869 2344 XIV,
893 2303 969 2343 29.

208 2345 399 2395 Cocceio
418 2347 611 2401 Nervae.
640 2349 804 2398 Postea
824 2350 1109 2416 Imperatori.

211 2410 527 2473 Triumphales
557 2415 603 2463 in
626 2415 731 2478 foro
761 2417 998 2482 imagines.
1029 2418 1279 2467 Laureatas
1302 2416 1424 2467 sma-

146 2481 277 2547 gines
294 2518 306 2539 ‚
329 2496 429 2545 quae
449 2481 498 2535 in
513 2479 617 2529 foro
632 2483 980 2548 triumphalibus
994 2487 1096 2533 vitis
1116 2484 1422 2548 ponebantur.

210 2544 499 2610 Nymphidio.
536 2548 611 2596 De
633 2567 727 2616 quo
749 2550 881 2614 plura
911 2548 1029 2599 infrcl
1058 2550 1179 2597 Hist.
1202 2551 1225 2597 I
1244 2588 1257 2613 ,
1291 2566 1311 2612 ς
1334 2587 1350 2611 ‚
1375 2555 1420 2598 δι’.

169 2608 187 2656 i
224 2611 559 2679 Supplernento
578 2615 754 2666 Annal.
772 2614 896 2670 XVI
914 2655 928 2681 ,
963 2622 1018 2679 85
1047 2620 1091 2665 ὅ(
1110 2632 1191 2684 93⁴·
