1725 2983
348 151 1198 214 A·NNAL1UML113.XII.
1357 161 1431 232 629

162 250 524 335 acceptusque
555 250 908 334 popularibus
935 274 947 307 :
989 276 1122 312 mox
1158 255 1434 316 diuturni-

165 357 277 395 tate
296 339 360 396 in
385 334 699 417 superbiam
729 355 949 392 mutans
972 384 989 408 ,
1025 346 1082 395 &
1107 339 1242 398 odio
1272 364 1433 399 acco-

168 419 345 482 larum
370 466 386 490 ‚
434 418 596 476 fimul
641 418 953 476 domesticis
998 418 1283 481 discordiis
1326 425 1434 482 cir-

166 522 512 562 cumventus.
584 502 853 561 Auctores
910 498 1066 560 fuere
1115 506 1382 566 Vibillius
1415 556 1431 581 ,

166 586 697 649 Hermundurorum
718 607 810 642 rex
827 632 842 656 ,
868 592 924 644 δε
939 586 1167 666 Vangio
1188 613 1246 646 ac
1270 591 1401 649 Sido
1417 640 1433 664 ,

166 667 349 729 sorore
367 669 582 732 Vannii
600 668 921 750 geniti.Nec
940 667 1227 743 Claudius,
1243 696 1437 753 quam-

166 775 339 833 quam
359 750 494 834 saepe
523 772 704 815 oratus
726 799 743 824 ‚
774 773 926 810 arma
953 755 1288 813 certantibus
1312 756 1438 815 bar-

168 836 313 894 baris
355 833 683 917 interposuit
703 883 720 907 ,
765 855 952 898 ,tutum
981 837 1210 896 Vannio
1249 838 1438 921 perfu-

168 919 323 1001 gium
362 920 731 1001 promittenS,
769 916 806 975 fi
828 917 1164 1000 pelleretur3
1205 920 1441 1005 scripsit-

169 1025 278 1082 que
325 1005 382 1060 P.
424 1001 637 1062 Atellio
678 1002 861 1063 Histro
889 1050 905 1074 ‚
951 1003 1048 1082 qui
1092 1006 1440 1066 Pannoniam

98 1130 100 1132 -
168 1084 560 1168 praesidebat,oe
576 1085 861 1167 legionem
874 1084 1096 1167 ipsaque
1110 1110 1138 1147 e
1156 1090 1440 1170 provincia

167 1167 355 1227 „lecta
375 1169 575 1227 auxilia
595 1217 610 1240 ,
639 1191 738 1251 pro
758 1167 873 1250 ripa
896 1192 1261 1252 componeret
1280 1220 1296 1244 ‚
1320 1171 1442 1232 sub-

170 1251 353 1310 aafidio
396 1252 550 1311 victis
575 1298 592 1323 ,
636 1261 693 1311 δε
730 1272 1000 1311 terrorem
1034 1253 1290 1314 adversus
1324 1257 1443 1316 vic-

171 1356 361 1394 »rores
381 1383 398 1407 ,
424 1358 494 1394 ne
517 1333 740 1393 fortuna
763 1333 927 1407 elati,
951 1338 1191 1395 nostram
1215 1362 1443 1421 quoque

171 1442 411 1501 „pacem
454 1418 741 1478 turbarent
755 1443 813 1476 »ε
853 1442 986 1477 nam
1009 1420 1089 1479 vis
1113 1422 1408 1483 innumera
1423 1472 1442 1496 ‚

171 1503 364 1584 Lygii,
393 1501 620 1584 aliaeque
645 1521 836 1585 gentes
861 1502 1264 1579 adventabant,
1291 1504 1442 1565 fama

171 1586 301 1645 ditis
322 1586 479 1667 regni
497 1634 512 1658 ‚
536 1586 691 1667 quod
710 1587 963 1646 Vannius
987 1611 1130 1647 xxx,
1147 1611 1245 1670 per
1269 1613 1443 1648 annos

172 1669 596 1753 praedationibus
619 1678 681 1734 &,
695 1669 1054 1749 vectigalibus
1076 1693 1314 1731 auxerat.
1339 1673 1445 1755 Ipsi

175 1776 370 1811 manus
395 1752 615 1832 propria
638 1751 852 1833 pedites
876 1798 892 1822 ‚
930 1775 1098 1832 eques
1124 1776 1153 1814 e
1182 1757 1445 1815 Sarmatis

176 1837 210 1899 J
215 1834 470 1917 azygibus
507 1854 622 1892 erat
643 1880 659 1905 ,
698 1835 879 1914 impar
918 1834 1271 1895 multitudini
1317 1838 1446 1897 hos-<-

175 1919 350 1977 tium:
382 1916 559 1997 eoque
591 1915 818 1976 castellis
842 1914 952 1978 sese
982 1916 1298 1994 defensare,
1323 1921 1449 1992 bel-0,

173 2001 408 2082 lumque
433 2000 635 2060 ducere
661 2001 931 2065 statuerat,

261 2085 452 2144 XXX.
497 2085 604 2142 SED
640 2085 672 2146 J
679 2105 901 2142 AzYGEs-
923 2131 941 2157 ‚
988 2082 1289 2146 obsidionis
1332 2087 1446 2146 im-

175 2168 443 2253 patientes
464 2215 480 2238 ,
519 2174 577 2226 δε
604 2167 884 2248 proximos
908 2189 1004 2251 per
1031 2191 1256 2251 campos
1279 2172 1444 2254 vagi,

179 2250 635 2312 necesfirudinem
703 2273 896 2332 pugna:
958 2251 1190 2311 attulere
1231 2300 1248 2325 ,
1310 2256 1441 2334 quia

176 2335 377 2417 Lygius
403 2331 938 2414 Hermundurusque
959 2333 1075 2393 illic
1098 2335 1440 2417 ingruerant.

175 2419 348 2499 Igitur
369 2414 645 2499 degressus
671 2416 896 2476 castellis
919 2418 1174 2478 Vannius
1197 2465 1214 2490 ‚
1253 2415 1442 2478 fundi-

177 2522 264 2559 tur
286 2500 480 2583 proelio
497 2525 508 2558 ε
527 2522 872 2581 quamquam
894 2500 1055 2560 rebus
1073 2501 1306 2561 adversis
1330 2503 1444 2566 lau*

1455 297 1650 325 Q

1455 339 1511 381 A.
1530 343 1578 382 U.
1595 345 1653 388 C.

1509 413 1618 469 803.

1492 486 1534 528 J.
1562 486 1618 528 C.

175 2583 335 2648 datus
355 2631 375 2657 ,
401 2583 602 2669 ecquod
627 2592 685 2645 ἃ
704 2606 952 2668 pugnam
975 2608 1146 2646 manu
1173 2586 1470 2670 capessiit„
