1659 2917
238 146 350 201 180
418 139 491 200 C.
530 138 1338 205 CORN13111‘TA0111

17 264 210 301 Ξ
235 241 480 302 formam
503 241 765 322 Principis
798 264 1108 323 vocemque
1135 243 1306 303 desim
1334 265 1504 303 voca-
1575 268 1598 277 κ

17 319 71 360 A.
91 319 141 355 U·
162 317 209 356 C·
236 326 379 385 bulis
402 324 766 408 appellantes:
791 324 941 406 quasi
965 348 1061 407 per
1082 327 1348 387 virtutem
1371 325 1502 385 clari

63 387 171 429 812.

58 459 99 499 J.
128 459 178 499 C.

73 535 156 586 59·

237 411 606 490 honoratique
630 431 809 491 agere.

321 494 480 554 XVI.
509 493 595 551 NE
637 513 843 549 TAMEN
878 490 1097 549 ludicrae
1127 491 1347 550 tantum
1384 493 1507 549 Im-

237 577 502 659 peratoris
550 595 690 633 artes
742 573 1088 632 notescerent
1123 622 1139 646 ,
1194 575 1509 633 carminum

233 683 464 741 quoque
484 659 725 716 studium
748 655 1023 716 affectavit
1039 705 1056 729 ‚
1081 658 1372 716 contractis
1390 656 1512 737 quie-

236 744 340 802 bus
383 743 564 824 aliqua
600 740 879 822 pangendi
920 738 1165 799 facultaS.
1215 742 1334 801 Nec
1370 741 1508 799 dum

234 825 465 907 insignis
495 826 663 882 aetatis
693 824 849 895 nati,
888 822 1170 882 confidere
1210 823 1370 882 fimul
1396 869 1412 893 ‚
1451 830 1509 881 &
1559 860 1564 864 ·

238 909 438 968 allatos
461 956 477 980 ‚
520 907 608 965 vel
643 905 860 964 ibidem
895 928 1139 986 repertos
1167 906 1347 966 versus
1377 928 1513 963 con-

236 996 491 1068 nectere3
513 1010 677 1069 atque
694 987 852 1067 ipsius
872 989 1070 1061 verba,
1089 1013 1319 1071 quoquo
1338 988 1513 1047 modo

241 1074 457 1157 prolata
477 1121 493 1146 ,
530 1071 779 1152 supplere
805 1094 818 1127 :
854 1072 1009 1151 quod
1031 1071 1233 1152 species
1261 1071 1374 1153 ipsa
1399 1093 1516 1130 car-

240 1159 467 1219 minum
502 1154 669 1214 docet
691 1201 713 1225 ,,
745 1177 861 1211 non
887 1155 1101 1235 impetu
1132 1164 1190 1215 &
1212 1156 1468 1213 instinstu
1495 1200 1516 1226 ‚

240 1264 349 1300 nec
372 1263 466 1300 ore
492 1262 604 1297 uno
635 1238 825 1295 fluens.
880 1239 1065 1296 Etiam
1089 1236 1361 1319 sapientiae
1385 1237 1518 1314 doc-

246 1324 460 1383 toribus
498 1342 715 1401 tempus
751 1321 1108 1399 impertiebat
1141 1324 1261 1404 post
1294 1319 1479 1402 epulas
1501 1367 1518 1392 ‚

245 1429 421 1488 utque
462 1403 734 1464 contraria
762 1401 1205 1462 adseverantium
1240 1403 1523 1462 discordiae

245 1509 574 1551 eruerentur
597 1511 609 1543 ε
648 1508 749 1544 nec
775 1485 1005 1545 deerant
1030 1533 1046 1558 ,
1070 1488 1183 1567 ‘qui
1215 1510 1310 1547 ore
1333 1486 1523 1545 vultu-

250 1596 361 1655 que
380 1573 514 1631 tristi
535 1572 679 1629 inter
696 1568 1107 1630 oblectamenta
1127 1571 1277 1651 regia
1296 1568 1525 1651 spectari
1547 1569 1556 1574 ”

251 1676 533 1738 cuperent.

338 1742 524 1800 XVH.
568 1738 705 1796 Son
749 1735 904 1794 idern
947 1754 1165 1815 tempus
1190 1782 1206 1806 ,
1249 1733 1358 1794 levi
1392 1759 1527 1795 con·

254 1824 509 1881 tentione
552 1840 707 1879 atrox
746 1818 916 1876 caedes
946 1835 1076 1875 'orta
1116 1817 1261 1877 inter
1299 1818 1526 1890 colonos

252 1906 564 1966 Nucerinos
615 1899 1091 1981 Pompeianosque
1129 1945 1145 1970 ‚
1193 1900 1527 1982 gladiatorio

254 1986 565 2069 spectaculo
598 2032 615 2056 ‚
671 1984 827 2066 quod
887 1982 1166 2042 Livineius
1228 1985 1479 2065 Regulus
1508 2030 1528 2056 ‚

257 2095 434 2153 quem
484 2089 706 2126 motum
752 2064 944 2124 senatu
1001 2064 1214 2136 retuli,
1277 2067 1528 2126 edebat:
1621 2123 1633 2141 Αἵ

259 2155 465 2236 quippe
503 2147 779 2232 oppidana
820 2147 1030 2208 lascivia
1070 2147 1314 2208 invicem
1354 2147 1532 2210 inces-
1618 2164 1635 2222 13

259 2237 441 2298 sentes
471 2283 487 2307 ,
531 2234 767 2315 probra,
808 2231 1011 2291 deinde
1051 2229 1172 2289 saxa
1197 2279 1213 2303 ,
1255 2234 1533 2314 postremo
1611 2238 1636 2263 ‘⁸'

262 2319 475 2381 ferrum
508 2315 782 2399 sumpsere
807 2363 822 2387 ‚
867 2313 1133 2373 validiore
1160 2317 1534 2396 Pompeiano—

264 2427 392 2463 rum
421 2400 582 2484 plebe
603 2448 622 2471 ‚
659 2398 805 2482 apud
833 2420 972 2478 quos
999 2395 1371 2480 speetaculum
1397 2399 1532 2466 ede-
1612 2411 1628 2479 ,[-

265 2488 444 2547 batur.
475 2485 619 2565 Ergo
640 2482 901 2565 reportati
912 2477 1045 2568 ⁸sunt
1064 2481 1124 2538 in
1143 2480 1342 2540 urbem
1366 2480 1533 2540 multi
1614 2477 1627 2542 ἶ

270 2593 302 2632 e
330 2566 621 2630 Nucerinis
653 2586 850 2627 trunco
875 2586 974 2653 per
1000 2563 1229 2626 vuhiera
1259 2585 1491 2648 corpore
1512 2607 1533 2647 2
