1725 2983
247 152 329 223 '36
437 144 508 204 C.
553 146 1005 208 CORNEL11
1051 150 1354 210 ΤΑοῐτῐ

35 274 225 310 ΞΞΞ
252 246 641 325 inhorruerat3
698 247 1052 329 maximeque
1091 297 1107 322 ‚
1165 275 1303 332 quos
1352 268 1526 335 penes

40 332 92 373 A.
112 334 159 370 U·
180 332 226 370 C·
254 330 503 411 potentia
528 379 544 403 ‚
590 339 648 390 &
681 330 719 388 si
755 354 838 390 res
867 353 1144 392 verterent
1171 382 1187 406 ,
1230 333 1479 393 formido
1503 379 1521 406 ‚

85 406 190 447 801.

254 431 369 470 non
413 421 526 494 jam
572 412 793 473 secretis
835 414 1166 495 colloquiis,
1208 415 1304 476 sed
1336 421 1522 499 aperte

78 485 116 523 J·
144 485 193 524 C.
255 493 513 556 fremere.
566 525 598 548 cc
622 498 783 556 Dum
814 497 999 554 histrio
1023 498 1343 557 cubiculum
1369 501 1524 557 Prin-

97 558 180 614 „48-

250 580 430 661 aecipis
459 578 837 662 persultaverit
859 626 875 651 ‚
913 580 1154 639 dedecus
1177 582 1412 660 quidem
1434 583 1523 639 in·-

251 662 475 721 mlatum
499 686 514 738 3
561 661 655 721 sed
700 662 982 721 excidium
1023 665 1214 746 procul
1254 662 1482 723 abfuiffe
1512 688 1524 722 ε

253 770 448 804 :nnunc
471 753 735 827 juvenem
767 745 1021 805 nobilem
1047 794 1064 819 ,
1106 746 1379 829 dignitate
1411 745 1531 805 for-

256 860 293 884 20
307 854 407 888 mae
425 878 440 901 ‚
462 830 517 888 vi
537 831 740 888 mentis
760 876 776 900 ‚
795 853 854 887 ac
879 831 1195 912 propinquo
1221 829 1529 902 consulatui)

255 920 579 993 mmajorem
619 913 689 971 ad
725 910 879 994 spem
926 914 1139 995 accingi
1171 938 1182 970 :
1227 937 1328 973 nec
1373 914 1531 973 enim

257 996 589 1055 moccultum
613 1045 629 1068 ,
665 996 800 1077 quid
825 998 941 1077 post
967 996 1074 1055 tale
1101 998 1532 1055 matrimonium

258 1077 599 1162 aasupereffet
624 1108 681 1138 ο).
722 1079 952 1137 Subibat
974 1079 1085 1138 fine
1108 1080 1281 1139 dubio
1308 1102 1487 1139 metus
1510 1126 1531 1152 ‚

261 1184 577 1246 reputantes
603 1191 634 1213 cc
652 1162 918 1221 hebetem
937 1162 1245 1221 Claudium
1263 1212 1280 1236 ,
1301 1173 1354 1223 &
1378 1164 1537 1221 uxori

261 1278 297 1302 :D
311 1249 655 1318 devinctum,
677 1245 988 1326 multasque
1012 1268 1218 1305 mortes
1232 1245 1368 1325 juffu
1384 1245 1537 1304 Mes-

260 1329 486 1388 msalinae
531 1350 765 1412 patratas
782 1359 841 1388 α).
904 1328 1107 1388 Rursus
1150 1328 1262 1412 ipsa
1303 1327 1536 1388 facilitas

262 1415 622 1495 Imperatoris
652 1413 916 1472 fiduciam
940 1412 1170 1484 dabam
1190 1412 1227 1470 fi
1249 1413 1538 1472 atrocitate

262 1496 557 1556 „criminis
602 1493 1000 1579 prrevaluiffent
1030 1544 1046 1567 ‚
1097 1494 1244 1578 poffe
1295 1495 1541 1578 opprimi

263 1581 638 1639 mdamnatam
675 1601 977 1659 antequam
1013 1602 1184 1638 ream.
1233 1580 1342 1638 Sed
1375 1581 1435 1636 in
1470 1603 1541 1639 eo

264 1662 611 1722 mdiscrimen
642 1663 782 1722 verti
804 1709 819 1733 ,
865 1661 903 1719 fi
932 1660 1180 1720 defensio
1217 1662 1543 1735 audiretur,

265 1768 483 1828 mutqne
514 1744 698 1804 clausae
738 1767 892 1803 aures
927 1744 1099 1803 etiam
1129 1744 1422 1806 confitenti
1455 1743 1546 1804 fo·-

269 1863 304 1887 20
318 1851 441 1889 tent
456 1858 489 1882 22
502 1874 514 1887 .
532 1896 534 1898 Ι

350 1913 572 1972 XXIX.
613 1908 703 1968 Ac
737 1909 923 1967 PR1Mo
949 1906 1207 1967 Callistus
1239 1916 1355 1990 jam
1399 1909 1544 1968 mihi

271 1997 415 2056 circa
434 2016 633 2053 necem
653 1990 878 2050 Caesaris
903 2013 1146 2050 narratus
1166 2040 1181 2063 ‚
1202 2001 1258 2052 ὃ(
1275 1992 1365 2075 Ap
1408 1994 1543 2051 ianae

272 2078 432 2139 caedis
470 2075 698 2134 molitor
739 2072 1010 2133 Narcissus
1040 2122 1056 2146 ‚
1110 2075 1383 2155 flagrantil
1406 2074 1546 2133 nna-

274 2185 384 2244 que
411 2208 426 2233 ‚
468 2183 535 2220 eo
559 2160 617 2217 in
642 2178 894 2239 tempore
915 2204 931 2228 ,
976 2155 1148 2239 gratia
1172 2157 1345 2216 Pallas
1373 2207 1389 2231 ‚
1427 2158 1546 2241 agi-

276 2267 461 2306 tavere
484 2290 500 2314 ,
534 2271 565 2294 α
587 2264 722 2300 num
750 2238 1106 2299 Messalinam
1132 2239 1351 2300 secretis
1379 2241 1547 2300 minis

276 2326 667 2410 mdepellerent
691 2346 881 2382 amore
905 2322 1023 2382 Silii
1047 2372 1063 2395 ‚
1097 2328 1293 2382 cuncta
1315 2323 1421 2383 alia
1443 2321 1552 2382 dis-

276 2409 639 2470 msimulantes
658 2432 716 2465 2³:
757 2406 962 2468 deinde
992 2427 1148 2466 metu
1170 2455 1185 2478 ‚
1227 2430 1297 2466 ne
1322 2407 1390 2465 ad
1422 2430 1548 2488 per-

279 2495 488 2556 niciem
507 2491 653 2551 ultro
675 2491 1040 2562 traherentur,
1064 2488 1321 2549 desistunt
1338 2538 1354 2562 ‚
1372 2489 1551 2549 Pallas

281 2599 382 2663 per
411 2575 695 2663 ignaviam
720 2621 743 2650 ‚
784 2571 1038 2636 Callistus
1080 2573 1275 2656 prioris
1321 2595 1553 2656 quoque
