1659 2917
269 82 737 176 ANNAmfiM
782 114 948 174 L113.-
988 113 1124 177 XV.
1236 137 1343 194 233

0 283 1 288 ¹
81 211 412 299 Vologesen
460 236 667 295 magno
716 221 774 272 ὃς
817 211 1037 271 infenso
1087 216 1314 297 agmine
1337 263 1355 289 ,
1383 232 1584 267 =====

0 295 2 300 ’
86 299 357 360 auditum.
406 296 638 357 Accitur
667 294 817 378 legio
840 295 1179 355 duodecima
1201 346 1217 370 ‚
1260 308 1318 360 δε
1336 347 1354 372 ‚
1380 295 1433 337 A.
1450 297 1498 335 U·
1523 295 1575 338 C.

0 387 29 443 f
84 382 236 442 unde
275 380 489 440 famam
527 379 672 438 aucti
709 377 976 438 exercitus
1009 377 1315 458 speraverat
1339 430 1356 455 ,
1429 371 1542 460 8¹5(

0 495 2 525 r
85 464 309 548 prodita
328 462 741 543 infrequentia:
783 462 892 542 qua
919 481 1109 520 tamen
1136 465 1361 524 retineri
1421 449 1460 488 J·
1486 448 1543 491 C·

0 543 5 551 ’
86 550 255 607 castra
281 596 298 622 ‚
337 556 394 607 &
435 546 588 606 eludi
619 545 850 604 Parthus
885 548 1062 604 tractu
1098 544 1235 603 belli
1265 571 1362 629 po-
1444 522 1522 567 ὀὶ·

5 639 7 642 ⁴
88 651 229 691 terat
250 679 266 704 ‚
306 629 345 688 fi
374 633 518 689 Paeto
542 649 636 688 aut
657 630 718 687 in
740 627 846 687 suis
868 675 885 701 ,
926 648 1020 688 aut
1063 627 1133 685 in·
1165 628 1362 691 alienis

89 714 325 773 consiliis
363 713 666 773 constantia
700 709 900 770 fuisset.
951 709 1173 773 Verum
1206 711 1304 771 ubi
1332 738 1364 772 a

86 798 218 856 viris
255 794 586 854 militaribus
623 794 880 853 adversus
921 814 1182 877 urgentes
1217 795 1365 855 casus

85 878 336 938 firmatus
356 898 500 949 erat,
529 876 706 937 rursus
725 924 740 948 ‚
769 900 840 937 ne
869 877 1060 938 alienae
1083 876 1366 938 sententiae

85 962 346 1045 indigens
368 960 670 1034 videretur,
689 962 748 1019 in
773 960 986 1021 diversa
1008 983 1069 1019 ac
1088 960 1367 1022 deteriora

85 1045 364 1105 transibat.
401 1047 468 1104 Et
495 1064 627 1103 tunc
654 1043 857 1104 relidfis
880 1044 1129 1104 hibernis
1153 1092 1169 1116 ‚
1201 1068 1368 1105 onnon

85 1126 332 1187 mfoss'am
355 1175 372 1200 ‚
403 1149 587 1208 neque
610 1127 823 1187 vallum
847 1126 946 1186 fibi
965 1175 981 1199 ‚
1015 1125 1111 1187 sed
1137 1149 1368 1209 corpora

87 1220 193 1272 ³0&
237 1234 392 1271 arma
434 1212 494 1268 in
541 1211 757 1271 hostem
809 1210 993 1269 data»
1027 1209 1317 1271 clamitans
1346 1257 1365 1286 ,

91 1292 250 1353 duxit
285 1294 540 1376 legiones
560 1341 577 1365 ‚
620 1292 770 1375 quasi
796 1293 994 1376 proelio
1021 1313 1321 1354 certaturus
1351 1320 1368 1352 ι

89 1375 299 1437 deinde
328 1423 345 1448 ‚
386 1373 580 1434 amiffo
616 1377 942 1436 centurione
968 1385 1026 1437 δέ
1051 1378 1236 1459 paucis
1261 1378 1366 1436 rni-

87 1457 278 1518 litibus
295 1507 310 1532 ‚
335 1481 473 1539 quos
500 1455 741 1519 visendis
771 1460 1012 1519 hostium
1041 1461 1367 1542 copiis-prce*

89 1541 314 1603 miserat
331 1589 346 1612 ‚
370 1541 615 1623 trepidus
636 1544 922 1602 remeavit.
945 1546 1012 1602 Et
1028 1544 1159 1623 quia
1181 1543 1367 1603 minus

90 1627 289 1686 acriter
321 1622 631 1706 Vologeses
665 1627 933 1684 institerat
957 1673 973 1697 ‚
1021 1624 1161 1684 vana
1192 1625 1370 1686 rursus

90 1707 295 1767 fiducia
309 1753 325 1778 ‚
354 1707 458 1765 tria
478 1706 656 1765 millia
674 1707 877 1767 deleffl
893 1707 1094 1790 peditis
1111 1709 1367 1790 proximo

94 1791 272 1850 Tauri
295 1797 428 1871 jugo
452 1788 716 1870 imposuit
731 1838 748 1862 ‚
776 1794 890 1871 quo
911 1790 1199 1850 transitum
1223 1794 1367 1875 regis

93 1893 361 1934 arcerent.
380 1871 574 1932 Alares
592 1896 818 1954 quoque
837 1875 1152 1934 Pannonios
1165 1923 1180 1947 ‚
1201 1875 1371 1935 robur

94 1954 372 2039 equitatus
388 2003 405 2028 ,
427 1956 486 2013 in
509 1977 662 2037 parte
692 1956 877 2038 campi
897 1956 1059 2017 locat.
1104 1961 1388 2040 Conjunx.

78 2064 160 2100 *ac
187 2041 330 2099 filius
359 2037 578 2098 castello
600 2089 617 2113 ,
652 2041 742 2099 cui
771 2039 1122 2100 Arsamosata
1154 2065 1368 2102 nomen

51 2176 64 2199 ,Ι
95 2125 174 2185 est
201 2171 218 2196 ‚
266 2121 441 2182 abditi
465 2170 481 2195 ,
527 2122 654 2182 data
680 2125 740 2183 in
768 2123 1079 2205 praesidium
1098 2126 1326 2186 cohorte
1350 2173 1367 2199 ,

98 2231 160 2267 ac
201 2203 439 2286 disperso
474 2204 654 2266 milite
679 2255 696 2280 ‚
742 2207 839 2288 qui
869 2208 928 2266 in
958 2231 1071 2267 uno
1109 2208 1327 2268 habitus
1350 2256 1368 2282 ‚

98 2312 307 2372 vagum
337 2286 552 2347 hostem
628 2290 898 2373 romptius
938 2289 1328 2352 sustentavisset
1355 2316 1366 2350 ε

98 2382 160 2435 &
182 2394 321 2454 aegre
346 2370 572 2450 compul
597 2396 695 2432 um
724 2371 911 2434 ferun-t
932 2422 950 2447 ,
989 2396 1049 2435 ut
1072 2376 1370 2435 instantem

100 2453 421 2517 Corbuloni
460 2452 725 2516 fateretur
757 2482 770 2514 ε
818 2481 922 2518 nec
970 2482 1002 2518 a
1041 2458 1368 2518 Corbulone

97 2557 460 2624 properatum
477 2585 495 2612 ,
523 2541 636 2620 quo
654 2588 677 2613 ,
697 2530 1054 2623 gliscentibus
1078 2540 1339 2626 periculis
1351 2588 1375 2621 ζ
