1757 2983
392 121 1254 183 'L1B.X1.ANNA1.1UM.'
1429 139 1469 196 7

196 224 270 285 ob
293 220 579 282 literarum
603 218 778 278 studia
796 227 855 279 δε
878 219 1092 302 ingenii
1113 217 1465 294 facilitatem,
1497 240 1687 278 ΞΕ

195 307 255 367 ni
281 307 546 388 ingenuas
575 325 714 364 artes
739 301 1002 387 probrosa
1032 301 1256 362 fortuna
1286 303 1466 364 deho-

195 387 462 451 nestaffer.

277 474 379 532 ΙΙΙ.
404 473 675 544 VERUM,
716 493 788 530 ne
838 468 1117 529 continuis
1158 465 1469 528 Messalinae

194 551 540 615 foeditatibus
570 575 829 614 avocetur
861 553 1175 636 legentium
1206 553 1425 611 animus
1453 599 1474 626 ,

196 637 404 698 laetiora
446 639 518 699 de
558 638 835 697 Britannis
878 637 1237 696 narrandum.
1295 635 1474 695 Aulus

196 721 438 781 Plautius
462 769 479 795 ,
528 744 701 801 quem
749 720 931 802 supra>
951 720 1263 780 memoravi
1286 766 1304 791 ,
1351 741 1476 779 rem

195 805 519 864 Romanam
543 805 706 864 lentis
730 851 745 874 ‚
771 803 865 864 sed
890 805 1052 863 certis
1071 852 1088 877 ,
1114 824 1476 887 promoverat

193 887 574 949 incrementis,
621 887 850 947 Barbari
878 885 1071 946 frustra
1106 890 1351 971 impetus
1389 884 1476 945 fe-

195 994 320 1031 cere
350 1021 366 1045 ,
413 971 714 1054 peregrinae
766 971 1170 1030 dominationis
1229 970 1365 1028 odio
1418 979 1477 1030 &

193 1052 448 1114 locorum
472 1054 667 1138 peritia
689 1054 761 1113 ad
783 1054 1047 1113 fiduciam
1067 1054 1231 1114 elati:
1256 1051 1476 1134 semper

193 1138 389 1208 restitit
432 1138 587 1197 ducis
631 1137 985 1221 providentia
1009 1185 1027 1210 ,
1049 1145 1128 1197 ⁴&
1150 1134 1477 1217 Vespasiani

194 1221 366 1280 virtus
406 1221 676 1280 interrita.
717 1219 978 1280 Adversis
1023 1219 1230 1279 casibus
1274 1216 1474 1293 fracti,

192 1302 335 1365 nihil
360 1311 476 1385 jam
502 1303 818 1381 audebant3
854 1312 912 1363 &
936 1302 1180 1362 Plautius
1211 1303 1358 1384 pacis
1392 1325 1476 1361 ar-

192 1386 338 1449 tibus
368 1386 822 1449 dominationem
848 1385 997 1445 ultra
1021 1387 1288 1446 intendit.
1316 1385 1476 1445 Cum

191 1467 341 1531 bella
359 1470 438 1528 ita
459 1471 659 1529 starent
677 1518 696 1543 ,
727 1468 916 1528 miffus
941 1471 1016 1529 est
1042 1490 1344 1553 propr-seror
1368 1467 1477 1528 Os-

190 1553 364 1613 torius
386 1553 619 1635 Scapula
640 1601 657 1625 ,
697 1554 796 1633 qui
819 1550 1061 1613 feliciter
1090 1573 1271 1634 coepta
1295 1553 1475 1611 conti-

188 1656 402 1699 nuaret.
417 1635 636 1695 Plautio
653 1636 878 1696 decreta
896 1638 1115 1714 ovatio‘,
1135 1635 1474 1716 Urbemque

187 1717 430 1800 ingresso
461 1720 690 1778 obviam
720 1717 1029 1802 progressus
1060 1721 1137 1779 est
1165 1719 1427 1801 Princeps
1452 1766 1473 1792 ,

127 1809 129 1811 ’
192 1808 252 1864 &
284 1800 345 1858 in
369 1801 721 1882 Capitolium
757 1803 957 1874 eunti,
995 1801 1243 1882 indeque
1286 1823 1477 1861 rever-

190 1883 332 1944 tenti
350 1882 489 1942 latus
508 1885 680 1944 texit:
704 1881 851 1942 forre
875 1883 1020 1943 ultra
1041 1885 1474 1966 Imperatoriam

189 1968 535 2046 majestatem
558 2015 575 2039 ‚
617 1987 673 2026 at
698 1990 814 2025 non
840 1965 998 2050 supra
1024 1966 1229 2027 Plautii
1270 1969 1473 2028 merita

191 2050 385 2110 civilis,
429 2050 797 2132 Vespasiano,
825 2050 902 2110 ob
930 2051 1173 2110 domitas
1209 2050 1474 2110 validiffi-

189 2156 309 2193 mas
338 2133 472 2192 duas
498 2156 690 2217 gentes
711 2183 729 2207 ‚
767 2135 1126 2216 Vestemque
1146 2132 1385 2193 insulam
1409 2135 1472 2197 in

192 2216 549 2278 deditionem
580 2218 863 2278 redastam
885 2266 904 2291 ‚
948 2217 1079 2279 data
1109 2219 1472 2300 triumphalia

193 2322 560 2361 ornamenta.-

280 2385 384 2445 IV.
419 2388 568 2445 HAEc
599 2385 746 2445 inter
769 2384 1054 2446 recruduit
1077 2433 1093 2458 ‚
1134 2407 1290 2445 vetus
1318 2384 1466 2445 Urbi

190 2466 404 2526 malum
423 2517 438 2540 ‚
469 2471 761 2551 majestatis
793 2470 1009 2529 crimen
1029 2519 1045 2542 ,
1083 2470 1280 2529 ruendi
1304 2470 1466 2527 Prin-

190 2548 324 2631 cipis
351 2550 528 2634 specie
552 2602 571 2628 ,
615 2551 712 2613 sed
745 2553 1030 2636 praedandi
1062 2552 1219 2614 causa
1259 2553 1468 2636 reperi-e,

1147 2635 1297 2698 Aiv

1491 294 1540 334 A.
1565 296 1611 332 D.
1633 293 1684 334 C.

1538 360 1650 404 800.

1532 437 1570 477 J.
1597 435 1650 477 C.

1549 512 1633 558 47.
