1725 2983
240 155 244 158 ,
315 134 783 193 ANNALUJM
833 118 1170 178 L1B.X11.
1301 142 1370 195 73

109 240 386 301 ”corpora
432 217 737 276 retinerent
756 244 815 274 σο.
864 218 993 274 Haec
1042 239 1207 298 atque
1249 218 1379 276 talia
1412 249 1594 284 Ξ-Ξε

111 301 321 360 dicenti
346 349 361 373 ‚
403 300 708 381 adstrepere
732 297 927 380 vulgus
953 322 968 374 3
1016 300 1214 380 gentili
1237 299 1380 381 quis-
1404 306 1454 344 A.
1475 305 1522 343 U·
1543 305 1592 343 C·

24 399 30 404 '
88 390 221 464 *que
247 384 517 465 religione
542 382 844 463 obstringi,
881 408 914 432 cc
934 404 1048 440 non
1073 383 1193 442 telis
1213 431 1229 455 ,
1263 407 1378 442 non
1448 383 1555 435 803·

109 466 476 526 :ovulnetibus
510 463 745 525 ceffuros
765 494 824 523 ω.
1442 462 1479 501 J·
1509 461 1558 500 C.

201 551 899 611 XXXV.OBswm-E011
927 568 991 605 ea
1013 545 1256 606 alacritas
1283 548 1382 606 du-
1469 546 1546 592 50·

113 656 241 693 cem
281 634 647 691 Romanum:
683 629 845 688 fimul
879 629 1128 709 objestus
1165 632 1343 688 amnis
1365 678 1382 702 ‚

110 716 372 774 additum
395 715 606 775 vallum
626 761 641 784 ,
665 713 1026 770 imminentia
1048 722 1179 795 juga
1198 761 1213 785 ,
1242 714 1385 771 nihil

110 797 214 858 nisi
259 820 413 856 atrox
447 807 503 858 &
540 796 1045 879 propugnatoribus
1081 795 1343 878 frequens
1368 844 1386 870 ‚

117 882 375 942 terrebat.
450 882 560 940 Sed
608 879 769 938 miles
817 879 1078 962 proelium
1125 879 1346 962 poscere
1370 928 1388 952 ‚

121 993 155 1018 α
173 969 367 1023 cuneta
390 964 591 1023 virtute
614 961 1006 1046 expugnabilia
1021 963 1389 1039 22clamitare3

118 1047 470 1132 praefeetique
502 1071 564 1106 ac
596 1048 807 1105 tribuni
837 1047 987 1128 paria
1027 1044 1348 1107 differentes
1375 1094 1392 1119 ‚

114 1132 380 1191 ardorem
442 1128 708 1190 exercitiis
774 1129 1161 1189 intendebant.
1234 1133 1393 1188 Tum

120 1215 373 1274 Ostorius
386 1261 402 1286 ‚
436 1211 840 1295 circumspestis
862 1260 877 1285 ‚
912 1236 1030 1293 quae
1051 1214 1396 1295 impenetra-

121 1298 256 1358 bilia
282 1344 299 1370 ‚
345 1320 576 1378 quaeque
624 1297 814 1377 pervia
841 1344 857 1367 ‚
907 1297 1061 1354 ducit
1106 1295 1354 1356 infensos
1378 1344 1397 1368 ‚

117 1403 462 1461 amnemque
503 1379 655 1438 haud
684 1377 983 1438 difficulter
1023 1380 1226 1439 evadit.
1274 1380 1396 1439 Ubi

119 1463 451 1525 ventum-ad
470 1485 734 1546 aggerem
753 1511 769 1534 ,
797 1462 936 1521 dum
963 1463 1249 1523 miffilibus
1274 1487 1394 1523 cer-

119 1548 338 1608 tabatur
363 1594 379 1618 ‚
405 1545 525 1629 plus
549 1545 847 1606 vulnerum
872 1547 929 1604 in
954 1570 1054 1604 nos
1079 1593 1095 1618 ,
1125 1555 1182 1606 δε
1206 1547 1395 1630 plerae-

117 1655 231 1713 que
256 1629 428 1689 caedes
453 1630 791 1689 oriebantur.
822 1632 1184 1709 Posteaquam
1207 1678 1223 1702 ‚
1250 1628 1393 1688 faCt‘S,

121 1713 396 1774 testudine
428 1758 444 1783 ‚
506 1711 668 1770 rudes
714 1720 770 1770 δε
816 1709 1086 1770 informes
1136 1711 1392 1772 saxorum

125 1817 420 1878 compages
441 1793 718 1864 distraetae,
733 1817 938 1875 parque
959 1796 1212 1855 cominus
1229 1797 1392 1868 acieS‚

123 1878 398 1940 decedere
431 1876 648 1935 barbari
683 1877 742 1934 in
779 1884 908 1958 juga
940 1879 1240 1937 montium.
1284 1879 1394 1938 Sed

125 1967 195 2025 eb
221 1983 445 2043 quoque
469 1962 724 2040 inrupere
754 1957 1081 2020 ferentarius
1106 1960 1395 2044 gravisque

129 2045 330 2106 miles:
374 2042 495 2116 illi,
537 2043 661 2102 telis
696 2041 1030 2103 adsultantes
1055 2094 1072 2118 ,
1117 2046 1220 2118 hi,
1264 2070 1397 2104 con-

129 2128 276 2189 ferto
300 2125 473 2208 gradu
491 2151 508 2205 3
528 2126 758 2188 turbatis
783 2128 974 2185 contra
997 2130 1399 2189 Britannorum

131 2210 421 2272 ordinibus
449 2257 465 2282 ,
519 2209 665 2293 apud
713 2233 852 2291 quos
902 2210 1055 2269 nulla
1098 2211 1398 2272 loricarum

134 2295 486 2379 galearumve
530 2293 826 2374 tegmina:
868 2301 926 2353 &
968 2293 1007 2351 fi
1050 2295 1400 2357 auxiliaribus

49 2446 64 2451 ..
131 2377 437 2438 resisterent
456 2425 473 2449 ‚
491 2376 686 2459 gladiis
704 2401 766 2435 ac
788 2375 910 2458 pilis
931 2376 1365 2459 legionariorum
1384 2405 1401 2458 3

140 2461 180 2520 fi
207 2462 311 2519 huc
332 2481 639 2532 verterent,
674 2457 876 2543 spathis
904 2469 962 2523 δε
986 2462 1145 2522 hastis
1182 2464 1406 2522 auxilia-

137 2545 289 2607 rium
314 2544 690 2604 sternebantur
712 2569 724 2604 :
761 2544 905 2605 clara
927 2568 991 2606 ea
1011 2548 1241 2609 vietoria
1262 2545 1368 2606 fuit
1389 2593 1407 2618 ‚

308 2629 458 2688 Tom.
501 2632 609 2689 III.
1122 2632 1183 2690 D
