1637 2917
24 227 214 263 ,εἶ-ἰ·-

23 284 74 324 A.
95 286 143 324 υ.
164 286 213 326 c.

65 355 175 403 819·

59 431 101 471 J.
126 430 176 471 o.
206 486 211 490 .

71 499 153 551 ,66-

231 120 357 192 '326
525 113 1228 176 SUPPLEMENTUM

239 210 464 294 ejusque
481 210 544 270 as
575 217 697 272 ecstu
712 223 770 276 &
787 216 968 276 verbis
988 218 1263 276 animatus
1278 264 1296 289 ‚
1319 216 1513 281 amicis

240 295 427 356 oscula
462 237 700 357 oflgrens
727 347 743 371 ,
788 299 886 359 diu
918 299 1223 359 eluctatum
1253 299 1510 383 spiritum

240 379 490 441 reddidit
514 405 527 439 :
556 381 668 440 vita
687 383 939 466 egregius
956 432 972 455 ‚
999 385 1192 443 mortis
1213 405 1510 469 contemp-

238 486 327 524 tor
348 511 365 538 ‚
404 472 463 525 &
505 464 799 525 adverst‘im
886 465 1129 526 raesentia
1175 467 1321 526 mala
1367 468 1512 529 adeo

235 549 428 608 firmus
446 597 462 622 ‚
487 570 547 608 ut
573 549 758 609 dicere
783 573 812 609 e
862 571 916 609 et
940 548 1129 610 solitus
1149 598 1165 623 ‚
1201 579 1233 602 oc
1251 551 1432 612 Malle
1457 553 1511 615 se

236 632 451 692 »hodie
477 633 718 693 interfici
747 682 763 706 ‚
799 634 970 715 quam
996 657 1110 694 cras
1137 634 1371 718 relegari
1390 665 1452 694 20.
1499 693 1508 706 ,.

317 718 597 776 XXXVI.
633 719 795 776 FATo
823 766 839 790 ,
875 739 935 777 ut
962 720 1166 778 virtute
1196 766 1212 790 ‚
1250 740 1405 801 pares
1430 719 1514 777 in-

237 800 434 860 teriere
461 803 696 859 Soranus
720 810 777 861 &
800 801 1045 861 Servilia.
1085 801 1268 861 Exfilii
1287 825 1514 885 poenam

235 885 412 942 animi
471 883 780 944 excelsitate
841 884 1162 946 nobilitavit
1221 886 1513 946 Paconius,

233 967 496 1028 Monitus
521 968 676 1026 enim
698 966 916 1026 causam
935 967 1089 1027 suam
1109 968 1197 1052 agi
1214 970 1272 1028 in
1291 968 1513 1029 senatu:

232 1053 442 1109 «Bene
483 1071 737 1124 vertat»,
782 1052 966 1132 inquit
989 1076 1005 1130 3
1043 1081 1075 1104 cc
1092 1075 1146 1113 ar
1191 1055 1386 1135 quinta
1439 1055 1516 1112 est

233 1135 417 1193 aohora
438 1181 455 1206 ‚
499 1132 707 1218 frigida
755 1133 1076 1196 lavemusao.
1131 1139 1254 1197 Post
1289 1136 1417 1195 cnm
1457 1135 1513 1196 se

235 1218 570 1278 damnatum
588 1216 822 1278 audiffet
836 1248 898 1291 ‚oc
915 1221 1110 1280 Morte
1126 1270 1142 1295 ‚
1162 1246 1231 1281 an
1250 1219 1435 1281 exsilio
1445 1226 1517 1281 5³?

236 1302 563 1385 interrogat.
610 1304 885 1363 Nuntiato
930 1304 1154 1379 exsili0‚
1187 1304 1398 1380 oeQuid
1441 1303 1513 1364 de

232 1386 492 1445 „bonis”
523 1392 543 1447 ?
587 1386 663 1445 ait
690 1411 702 1445 :
758 1415 790 1439 oc
814 1389 1038 1447 Servata
1058 1417 1091 1441 σο
1117 1436 1133 1460 ,
1174 1387 1513 1471 responsum.

240 1497 278 1523 «c
291 1470 545 1530 Ariciam
565 1493 699 1552 ergo
721 1492 993 1553 petamus,
1012 1469 1256 1552 pransuri
1272 1501 1333 1544 υ,
1351 1471 1512 1531 addit

231 1555 442 1636 ingens'
461 1554 637 1612 animi
661 1602 678 1627 ,
720 1563 777 1614 &
803 1553 960 1614 usura
985 1556 1107 1614 virae
1136 1555 1368 1638 perinde
1393 1603 1410 1627 ‚
1451 1579 1513 1614 ac
1555 1616 1564 1622 N

233 1638 406 1698 cereri
428 1637 677 1721 oppetita
705 1660 888 1698 morte
911 1686 927 1710 ,
964 1638 1218 1698 inlustris.
1261 1638 1512 1698 Laudata

231 1745 461 1804 quoque
487 1722 775 1782 Demetrii
799 1722 1023 1782 libertas
1042 1771 1058 1795 ,
1090 1723 1179 1782 cui
1203 1721 1333 1781 crim
1355 1723 1515 1782 Prin-

231 1829 359 1889 ceps
404 1808 653 1866 mortem
697 1807 1001 1866 intentaret
1028 1830 1040 1863 :
1087 1834 1118 1857 oc
1135 1809 1325 1882 Quam
1369 1806 1536 1865 mihis

232 1910 415 1963 aarum,
446 1890 632 1970 inquit
654 1937 672 1962 ,
705 1891 893 1949 «hanc
925 1889 1030 1949 tibi
1059 1911 1255 1949 natura
1287 1891 1515 1949 minita-

232 1994 442 2032 aoturso.
477 1971 732 2035 Audacia
749 2021 765 2045 ,
795 1997 866 2032 an
893 1972 1173 2033 seminudi
1196 1971 1514 2056 philosophi

233 2055 556 2139 ignobilitas
579 2104 594 2129 ,
637 2057 786 2116 certe
816 2080 932 2115 non
959 2056 1160 2137 justitia
1182 2105 1198 2129 ,
1233 2080 1349 2116 non
1377 2056 1514 2117 redii
1539 2118 1542 2119 γ

233 2162 395 2200 amor
417 2140 469 2199 ei
486 2139 721 2200 salutern
742 2141 942 2201 attulit.
962 2140 1257 2200 Helvidius
1279 2161 1509 2212 autem--‚

229 2222 529 2284 interdidkzi
560 2222 660 2282 fibi
683 2224 840 2283 Italia
858 2273 874 2298 ‚
903 2223 1272 2307 Apolloniam
1294 2222 1512 2284 conces·
1531 2278 1534 2280 ,
1630 2258 1634 2295 5

233 2307 337 2367 fit:
373 2306 545 2367 soceri
573 2310 755 2390 postea
782 2308 930 2368 ultor
959 2318 1017 2368 &
1044 2308 1289 2368 aemulus.
1484 2344 1488 2347 -

323 2393 633 2472 XXXVII.
655 2394 882 2452 TANTA
897 2393 1164 2475 Principis
1184 2389 1510 2474 senatfisque
1551 2398 1561 2426 ³

234 2472 517 2534 'dedecora
543 2476 751 2535 velavit
779 2477 1020 2557 imperio
1048 2476 1226 2560 gravis
1245 2524 1261 2548 ‚
1293 2475 1388 2536 sed
1414 2499 1512 2558 po⁴

218 2557 371 2643 ‘pulo
407 2558 530 2620 laeta
554 2560 826 2621 Tiridatis
857 2559 1032 2624 scena.
1091 2560 1365 2636 Nondum
1398 2556 1514 2625 visa
