1637 2917
180 118 305 191 '546
394 106 802 169 ANECDOTA
845 131 923 169 DE
970 109 1336 173 CrAunm

184 207 436 276 perfectius
453 225 623 275 nempe
641 247 655 270 ‚
686 215 731 258 &
756 207 992 257 candidius
1014 248 1027 270 ,
1056 211 1185 278 quod
1205 210 1471 282 crystallum

184 278 453 326 imitaretur.
493 274 662 324 Manfit
686 293 837 324 tamen
866 277 1077 341 crystasso
1105 276 1257 340 fama,
1285 296 1340 329 ac
1360 297 1470 345 pre·-

188 345 318 391 tIum.
357 341 501 391 Unde
528 342 702 400 Plinius
731 339 1009 404 XXXVII,
1040 362 1084 391 2.
1117 344 1246 394 Nero
1271 385 1288 408 ‚
1325 343 1470 410 amis-

174 407 339 475 Jarum
368 426 515 458 rerum
547 409 712 458 nuncio
746 423 929 471 accepto
963 447 980 471 ‚
1017 406 1129 457 duos
1157 410 1326 460 calices
1355 412 1475 477 crffi·

187 473 376 524 tallinos
412 475 459 524 in
485 474 699 540 suprema
733 475 807 524 ira
836 473 1004 542 fregit.
1059 473 1176 525 Haec
1210 475 1310 540 fuit
1346 479 1471 528 ratio

176 540 402 607 saeculum
423 541 560 606 suum
596 540 833 604 punientis
857 579 875 603 ,
915 558 973 590 ne
1010 540 1111 606 quis
1149 540 1270 592 alius
1305 560 1363 593 ex
1401 542 1475 606 his

184 606 368 658 biberet.
436 606 530 657 Fra
562 623 713 657 menta
775 605 917 656 arciri
959 605 1083 656 nullo
1121 607 1247 658 modo
1283 624 1471 675 queunt.

184 672 315 724 Mire*
349 672 410 722 ad
454 674 531 724 zmi
552 674 771 724 itudinem
798 673 1013 741 accffre
1039 672 1190 724 vitrea
1210 714 1225 739 ‚
1246 674 1333 741 sed
1350 692 1467 738 pro-

183 740 304 807 digit
334 757 401 790 mo
437 758 460 790 o
480 781 496 805 ,
532 759 582 790 ut
599 739 956 807 suumpretiu‘m
986 740 1204 790 auxerint
1234 740 1472 810 crystalli3

183 824 278 856 non
297 805 615 859 diminuerint.
653 796 730 856 Hi‘
748 806 848 855 sunt
872 805 965 857 duo
989 804 1150 875 scyphi
1169 846 1185 869 ,
1223 807 1281 857 de
1306 808 1472 876 quibus

182 874 431 923 Suetonius
464 877 513 922 in
552 873 670 922 Ner.
698 871 908 923 XLVII.
954 872 1193 922 Nuntiata
1225 889 1476 925 ceterorum

186 941 470 990 exercituum
493 939 739 1003 a'efec‘lione
761 979 778 1003 ‚
810 938 974 989 literas
996 937 1247 1001 prandenti
1258 940 1353 1008 fibi
1370 941 1474 992 red-

184 1005 311 1056 ditas
341 1006 586 1074 concerpfit
601 1047 618 1070 ,
642 1006 839 1072 mensam
854 1004 1082 1071 subvertit
1101 1044 1115 1067 ,
1142 1004 1255 1055 duos
1257 1006 1475 1075 scyphos,

179 1073 416 1141 gratiffimi
441 1073 551 1135 usus
569 1113 581 1134 ,
614 1089 722 1138 quos
750 1071 1017 1124 Homericos
1045 1089 1072 1121 a
1105 1072 1327 1123 caelaturd
1349 1077 1473 1128 'car-2

183 1140 357 1189 minum
386 1140 573 1190 Homeri
605 1138 802 1190 vocabat
828 1177 843 1200 ‚
868 1137 964 1213 fhlo
1002 1137 1069 1188 illi
1090 1153 1142 1189 it.

247 1207 457 1255 Demum
484 1223 626 1268 nuper
658 1207 703 1256 in
731 1204 984 1254 Dalmatia
1003 1245 1018 1267 ‚
1056 1203 1335 1266 Principatu
1359 1205 1475 1257 Ne-
1548 1242 1550 1244 ψ
1579 1224 1583 1227 ’

183 1272 315 1322 ronis
327 1313 344 1336 ,
370 1274 610 1322 inventum
631 1274 680 1321 in
702 1270 879 1320 summ&
896 1271 1054 1321 tellure
1075 1289 1237 1321 aurum
1253 1270 1346 1338 ‚fin
1385 1272 1476 1323 ulis

180 1337 342 1387 diebus
370 1341 509 1389 etiam
539 1340 889 1406 quinquagenas
924 1336 1072 1389 libras
1096 1336 1351 1403 fundens.‘
1389 1339 1477 1391 lin.

182 1403 444 1467 xxxm,
477 1423 526 1464 4.

250 1471 383 1519 Dum
405 1471 563 1525 recens
591 1472 781 1518 inventa
799 1468 1146 1527 celebrabantur
1163 1506 1177 1528 ,
1211 1484 1327 1529 artes
1351 1472 1476 1522 obli·-

184 1537 447 1586 terabantur
470 1551 621 1584 vetere
649 1534 773 1583 famfi
798 1534 975 1582 nobiles
996 1573 1010 1596 ,
1047 1531 1114 1581 uti
1147 1533 1245 1583 fieri
1275 1535 1478 1602 adsolet,

183 1600 293 1652 cum
319 1600 586 1669 portentosa
610 1600 839 1668 sectantur
861 1600 1117 1666 Principes.
1151 1598 1343 1651 Omnem
1367 1621 1482 1655 am...»

178 1669 452 1734 plitudinem
455 1668 714 1734 statuarum
729 1667 844 1718 vicit
858 1682 995 1718 aetate
1008 1664 1157 1733 nostrci
1176 1665 1471 1735 Zenodorus,

180 1735 419 1786 Mercurio
429 1734 555 1800 faffio
578 1734 626 1784 in
651 1733 844 1784 civitate
864 1732 1035 1783 Galliae
1053 1731 1312 1794 Arvernis,
1334 1734 1476 1787 1’Au-
1542 1780 1571 1807 .-

181 1821 358 1870 vergne
377 1842 390 1866 ‚
411 1819 492 1864 per
517 1818 666 1851 annos
698 1799 846 1850 decem
867 1837 883 1862 ‚
915 1799 1021 1851 HS.
1050 1797 1238 1862 {TC-55,
1277 1800 1474 1854 Gallicae

181 1886 383 1919 monetae
412 1869 536 1918 libris
569 1871 832 1930 7,782,010
855 1905 870 1929 ‚
903 1866 1195 1930 manipretio.
1229 1863 1471 1942 Postquam

86 1965 90 1969 ·
167 1936 293 2003 fittis
323 1935 385 1986 ibi
413 1950 559 1985 artem
589 1932 926 1997 approbaverat
946 1970 962 1993 ‚
997 1933 1192 1984 Romam
1212 1948 1392 1983 accitus
1411 1934 1476 2003 est

176 2020 213 2051 a
238 2002 426 2052 Nerone
445 2039 461 2062 ‚
500 1999 575 2050 ubi
609 1999 879 2065 destinatum
908 1998 1035 2049 illius
1060 1999 1470 2064 Principisfimu-

178 2068 384 2129 lacrum,
406 2067 605 2133 coloffitm
619 2065 740 2129 fecit
757 2104 773 2127 ,
808 2079 881 2113 cx
899 2064 1063 2126 pedum
1087 2063 1390 2130 longitudine.
1417 2102 1432 2115 .
1456 2105 1472 2120 .

177 2133 473 2185 Mirahamur
497 2133 548 2182 in
570 2130 754 2198 officina
777 2146 867 2180 non
889 2130 1016 2181 modo
1041 2148 1097 2181 ex
1119 2128 1471 2198 argillafimili-

179 2199 385 2251 tudinem
411 2197 633 2267 insignem
659 2236 675 2260 ‚
712 2199 871 2246 verum
896 2195 945 2246 ὓ»
971 2215 1028 2248 ex
1046 2197 1211 2260 parvis
1231 2194 1471 2250 admodum

166 2266 375 2334 surculis
399 2305 415 2329 ,
453 2263 569 2331 quod
608 2264 803 2329 primum
851 2263 1000 2326 operis
1042 2262 1186 2329 instar
1215 2261 1331 2325 fuit.
1389 2264 1471 2316 Ea

162 2333 332 2402 statua
360 2331 588 2396 indicavit
606 2329 803 2398 interiffe
815 2328 1047 2394 fundendi
1069 2330 1178 2380 aeris
1182 2329 1433 2395 scientiam
1448 2372 1468 2396 ,

179 2402 284 2451 cum
313 2399 364 2450 Cr
392 2398 518 2448 Nero
543 2397 708 2465 largiri
738 2414 897 2456 aurum
924 2411 1253 2464 argentumque
1266 2411 1469 2458 paratus

173 2466 282 2533 effiaet
298 2507 316 2531 ,
353 2464 406 2516 Er
424 2463 693 2515 Zenodorus
707 2462 910 2530 scientia⁴
930 2461 1153 2530 fingendi
1179 2460 1467 2529 caelandique

177 2531 296 2582 nulli
323 2546 525 2582 veterum
549 2529 902 2597 postponeretur.
924 2568 940 2581 .
963 2568 977 2581 .
1017 2528 1294 2596 Quantoque
1316 2530 1467 2594 major

182 2599 236 2651 in
254 2595 493 2652 Zenodoro
508 2595 777 2666 praestantia
790 2595 891 2662 fuit
909 2633 927 2660 ,
965 2599 1096 2648 tanto
1121 2594 1272 2664 magis
1299 2594 1471 2662 dem-.-
