1659 2917
252 146 367 185 120
441 123 1005 182 C.CORNx-:1211
1051 124 1359 183 TACIT1

251 223 484 284 nomine
524 225 784 300 Locusta,
833 221 1010 281 multa
1044 221 1315 282 scelerum
1354 221 1523 283 fami.

32 312 90 366 .A·
110 312 160 350 U·
179 312 229 352 C.
253 310 402 369 Nam
427 328 487 365 ut
510 308 791 390 proximus
815 306 1044 387 quisque
1067 307 1388 366 Britannico
1421 330 1525 366 ne·-

80 385 191 439 808.

71 464 112 506 J.
151 465 200 504 C.

100 544 178 590 55.

253 415 363 473 que
383 388 492 463 ἕξις,
518 413 701 471 neque
722 390 894 448 fidem
920 388 1069 472 pensi
1091 390 1322 450 haberet
1341 439 1357 463 ‚
1382 390 1524 449 olim

253 472 534 559 provisum
559 495 690 533 erat.
727 475 976 532 Primum
1003 496 1285 532 venenum
1313 474 1380 532 ab
1401 472 1524 555 ipsis

251 557 642 620 educatoribus
665 558 876 638 accepit
898 604 914 628 ‚
952 555 1390 637 transmisitque,
1430 579 1526 615 ex·-

250 642 429 701 soluta
451 641 574 701 alvo
597 689 612 712 ,
646 663 842 723 parum
864 639 1113 698 validum
1133 687 1148 711 ‚
1180 639 1287 698 sive
1314 661 1527 721 tempe-

250 748 573 786 ramentum
601 726 778 782 inerat
802 771 819 794 ,
860 746 931 782 ne
959 724 1140 781 statim
1165 722 1390 781 saeviret.
1417 722 1527 781 Sed

250 812 406 870 Nero
432 857 448 881 ‚
486 808 625 867 lenti
654 806 868 866 sceleris
898 807 1196 888 impatiens
1226 854 1243 878 ‚
1278 806 1530 863 minitati

253 894 481 953 tribuno
505 940 521 964 ‚
563 891 754 970 jubere
802 888 1185 972 «supplicium
1225 889 1484 948 veneficae
1510 937 1528 960 ,

251 976 449 1057 mquod
474 1023 491 1047 ,
533 975 672 1032 dum
699 996 989 1032 rumorem
1016 971 1346 1054 respiciunt,
1388 972 1529 1030 dum

251 1079 491 1142 „parant
542 1055 891 1115 defensiones
922 1104 938 1127 ‚
996 1055 1350 1115 securitatem
1402 1046 1528 1114 mo·-

252 1161 548 1201 2¹>tasentUs
570 1169 628 1198 ο).
683 1139 1149 1198 promittentibus
1190 1139 1324 1197 dein
1355 1167 1387 1190 oc
1413 1161 1529 1197 tam

252 1225 639 1309 „praecipitem
683 1245 919 1294 necem,
966 1222 1138 1303 quam
1176 1221 1216 1280 fi
1252 1220 1401 1281 ferro
1439 1244 1530 1280 ur-

252 1340 287 1368 σο
299 1330 519 1392 geretur
539 1337 599 1378 n,
631 1304 953 1364 cubiculum
983 1305 1209 1364 Caesaris
1246 1313 1396 1387 juxta
1434 1305 1531 1364 de-

256 1392 514 1474 coquitur
562 1390 707 1452 virus
736 1437 754 1461 ‚
802 1389 1041 1470 cognitis
1088 1409 1252 1447 antea
1273 1389 1532 1448 *venenis

261 1474 539 1559 rapidum.

352 1560 516 1619 XVI.
550 1557 694 1616 Mos
724 1553 1032 1615 habebatur
1051 1603 1067 1627 ‚
1109 1553 1435 1636 Principum
1465 1553 1534 1612 li-

260 1644 453 1713 berOS,
478 1665 607 1700 cum
627 1640 821 1699 ceteris
844 1639 1000 1697 idem
1023 1639 1192 1697 aetatis
1214 1637 1498 1696 nobilibus
1515 1684 1536 1710 ,

262 1726 516 1786 sedentes
541 1722 685 1782 vesci
716 1724 775 1780 in
805 1720 1022 1804 aspectu
1048 1722 1493 1804 propinquorum
1516 1769 1534 1793 ‚

264 1808 485 1893 propria
515 1816 573 1867 δε
599 1806 846 1888 parciore
876 1806 1085 1864 mensa.
1127 1804 1250 1862 Illic
1277 1803 1536 1886 epulante

265 1892 588 1953 Britannico
606 1937 622 1960 ‚
664 1890 794 1968 quia
819 1887 971 1946 cibos
995 1885 1275 1969 potusque*
1297 1895 1411 1968 ejus
1435 1887 1538 1946 de-

265 1976 437 2045 ,lectus
481 1996 546 2032 ex
584 1972 841 2030 ministris
872 1972 1027 2052 gustu
1059 1970 1381 2052 explorabat
1403 2019 1420 2042 ‚
1463 1993 1536 2030 ne

267 2058 624 2117 omitteretur
683 2055 994 2112 institutum
1031 2101 1048 2125 ,
1103 2075 1197 2112 aut
1256 2053 1538 2134 utriusque
1608 2075 1634 2108 .·

267 2163 451 2202 morte
493 2138 817 2222 proderetur
853 2135 1023 2195 scelus
1051 2184 1068 2208 ‚
1112 2137 1233 2196 talis
1261 2136 1421 2196 dolus
1454 2159 1540 2197 re·-

270 2246 456 2309 pertus
482 2224 572 2282 est.
615 2222 849 2280 Innoxia
871 2219 1050 2279 adhuc
1075 2267 1090 2291 ‚
1129 2245 1188 2279 ac
1215 2219 1501 2302 praecalida
1518 2266 1539 2292 ,

270 2318 328 2369 &
362 2307 532 2366 libata
569 2307 722 2388 gustu
755 2304 910 2387 potio
941 2303 1175 2362 traditur
1201 2304 1541 2363 Britannico.

273 2392 470 2462 Dein,
516 2392 805 2472 postquam
848 2385 1064 2446 fervore
1113 2387 1540 2471 aspernabatur,

276 2472 480 2556 frigida
527 2473 587 2530 in
639 2471 781 2552 aqua
832 2469 1159 2530 adfunditur
1210 2493 1539 2546 venenum3
1620 2509 1636 2515 —

277 2557 434 2640 quod
468 2557 546 2618 ita
584 2560 808 2617 cunstos
839 2563 953 2638 ejus
991 2576 1135 2616 artus
1171 2553 1402 2638 pervasit
1426 2601 1443 2626 ‚
1481 2572 1543 2611 ut

604 2660 609 2668 ’
1432 2653 1540 2694 vox
