1659 2917
220 122 691 165 ANNALIUM
745 102 912 161 L113.
957 103 1119 213 Χὲῌ.
1218 126 1325 182 143-

54 229 174 269 non
206 206 400 287 ignaro
441 202 582 260 duce
623 203 806 258 nostro
830 248 846 273 ,
883 203 980 282 qui
1002 225 1099 262 viae
1127 204 1330 286 pariter

1349 230 1551 259 a.

57 298 117 350 δε
141 311 334 370 pugna:
354 282 739 368 composuerat
764 307 1086 344 exercitum.
1127 291 1326 348 Latere
1350 284 1404 322 A.
1422 286 1472 323 U·
1491 287 1548 329 C.

52 371 251 430 dextro
286 370 448 431 tertia
489 369 638 451 legio
664 417 681 441 ‚
735 367 942 426 sinistro
983 367 1130 428 sexta
1179 372 1327 433 ince-

50 454 266 526 debat,
313 453 515 514 mediis
560 452 1004 512 decumanorum
1052 452 1324 514 delestis:

55 558 279 618 recepta
315 539 460 596 inter
506 535 730 595 ordines
770 535 1181 618 impedimenta
1209 586 1227 610 ,
1272 548 1329 599 &

56 641 139 680 ter
184 643 280 678 um
311 619 469 679 mille
499 620 714 700 equites
745 620 1043 678 tuebantur
1069 644 1095 679 z.
1129 621 1332 701 quibus

52 645 273 786 jussgerat
293 752 312 779 ,
360 732 393 754 ct
411 725 470 762 ut
493 703 818 763 instantibus
846 703 1101 762 cominus
1124 703 1334 765 resiste-

52 808 266 860 :nrent‚
315 785 537 868 refugos
585 811 701 845 non
755 785 1193 867 sequerenturzn.
1268 793 1334 848 In

54 870 314 932 cornibus
348 871 562 953 pedites
595 869 970 952 sagittariique
995 918 1012 942 ‚
1048 879 1107 930 δε
1149 892 1336 932 cetera

53 976 250 1013 manus
296 955 553 1036 equitum
597 954 751 1026 ibat,
793 954 1116 1036 producitior
1158 978 1335 1016 cornu

52 1037 112 1095 in
143 1036 349 1096 sinistro
383 1060 480 1120 per
518 1038 635 1095 ima
669 1037 936 1110 collium,
981 1059 1044 1097 ut
1087 1037 1126 1096 si
1167 1039 1335 1100 hostis

51 1119 357 1180 intraviffet
376 1168 391 1192 ‚
430 1118 615 1180 fronte
642 1118 803 1178 simul
827 1130 884 1181 ὃ(
912 1120 1030 1181 sinu
1055 1123 1335 1205 excipere-

53 1223 157 1262 tut.
200 1201 497 1262 Adsultare
525 1226 591 1262 ex
619 1203 835 1265 diverso
857 1205 1143 1266 Tiridates
1164 1254 1180 1278 ,
1215 1229 1334 1268 non

53 1284 223 1367 usque
251 1286 321 1344 ad
344 1290 551 1365 jacitum
577 1286 673 1345 teli
698 1334 714 1358 ‚
750 1286 846 1347 sed
874 1309 999 1347 tum
1028 1290 1332 1364 minitanS,

51 1390 173 1429 tum
201 1367 381 1452 specie
418 1369 744 1452 trepidantis
769 1417 786 1442 ,
828 1370 867 1428 fi
894 1371 1073 1431 laxare
1104 1373 1332 1434 ordines

50 1460 109 1514 &
144 1451 386 1513 diversos
426 1451 728 1512 consestari
771 1451 962 1535 posset.
1024 1455 1147 1515 Ubi
1184 1457 1332 1518 nihil

50 1537 368 1606 temeritate
397 1534 642 1595 solutum
665 1585 683 1609 ,
715 1560 818 1597 nec
844 1537 1081 1621 amplius
1104 1587 1121 1612 ,
1156 1540 1334 1621 quam

48 1618 278 1679 decurio
302 1620 560 1700 equitum
583 1620 878 1682 audentius
900 1621 1207 1704 progressus
1225 1671 1242 1696 ‚
1267 1633 1331 1685 δε

46 1701 256 1782 sagittis
286 1702 535 1760 confixus
566 1750 582 1774 ,
631 1724 844 1763 ceteros
885 1705 959 1765 ad.
991 1705 1333 1786 obsequium.

50 1784 309 1867 exemplo
333 1784 649 1845 firmaverat
671 1833 687 1857 ‚
730 1788 1055 1870 propinquis
1089 1795 1206 1870 jam
1240 1810 1330 1851 te·-

47 1867 233 1927 nebris
271 1865 531 1927 abscessit.

127 1951 283 2010 XLI.
337 1954 418 2010 ET
466 1953 766 2010 CORBULO
803 1996 820 2021 ,
876 1951 1043 2009 castra
1089 1952 1149 2011 in
1194 1952 1324 2014 loco

47 2054 288 2107 metatus
318 2080 335 2106 ‚
380 2057 448 2094 an
489 2034 759 2116 expeditis
802 2032 1117 2115 legionibus
1157 2042 1326 2102 noste

46 2116 311 2177 Artaxata
333 2138 622 2201 pergeret,
656 2116 985 2197 obsidioque
1014 2119 1326 2181 circumda-⁵

48 2220 133 2259 ret
157 2248 173 2272 ‚
212 2201 437 2283 agitavit
459 2248 476 2273 ,
514 2199 824 2264 concessisse
862 2200 994 2260 illuc
1020 2203 1322 2265 Tiridaten

49 2303 213 2342 ratus.
264 2284 419 2355 Dein
452 2286 743 2367 postquam
772 2283 1144 2366 exploratores
1171 2308 1320 2347 attu-

49 2364 164 2435 lere
189 2393 222 2417 α
238 2365 612 2450 longinquum
638 2369 782 2451 regis
803 2368 941 2440 iter,
972 2376 1029 2429 δε
1051 2369 1220 2430 Medi
1248 2396 1318 2432 an

47 2447 300 2507 „Albani
334 2472 656 2533 peterentur
678 2500 693 2523 ‚
732 2453 1086 2524 incertum»,
1128 2452 1316 2513 lucem

47 2533 364 2617 opperitur:
406 2533 782 2619 praemissaque
828 2534 962 2596 levis
998 2557 1271 2597 armatura
1292 2582 1334 2610 ‚‚

1391 354 1501 400 811.

1387 430 1410 469 J
1456 430 1492 470 C

1413 497 1486 555 58-
