1659 2917
265 168 731 213 ANNALIUM
790 151 961 210 [ΑΒ.
1004 149 1169 215 XIV.
1265 175 1377 229 177

100 253 368 337 vreportari
386 299 403 324 ‚
431 250 858 336 sepulcrumque
882 251 1077 309 exstrui
1096 250 1374 334 permisit:
1402 271 1596 302 ἕε-

100 333 349 417 quosque
371 334 482 418 ipse
506 358 681 419 nuper
712 335 1053 416 relegaverat
1078 381 1095 404 ,
1134 336 1373 395 Iturium
1403 334 1454 374 A.
1471 336 1523 374 U.
1541 335 1595 378 C.

13 439 19 472 ὲ
101 427 162 479 δε
179 417 486 478 Calvisium
507 467 523 492 ‚
553 418 716 502 poena
744 416 990 479 exsolvit.
1018 418 1168 474 Nam
1192 418 1374 478 Silana
1443 410 1556 452 8¹²·

12 560 18 572 ,
100 498 220 560 fato
269 499 460 561 functa
508 524 624 563 erat
650 549 667 574 ‚
714 501 1029 584 longinquo
1069 499 1140 558 ab
1187 501 1373 561 exsilio
1436 488 1474 528 J·
1513 487 1568 528 C.

101 586 419 645 Tarentum
463 584 736 669 regreffa,
777 585 998 645 labante
1030 590 1144 663 jam
1173 583 1376 666 Agrip·
1469 568 1546 618 52·

15 667 19 712 ’ἒ
101 667 232 750 pina
256 715 274 741 ‚
319 676 469 750 cujus
517 669 829 728 inimicitiis
879 666 1201 727 conciderat
1221 714 1239 741 ,
1285 668 1378 729 vel

103 772 226 811 turn
256 750 526 834 mitigata.

181 835 341 895 XIII.
387 837 749 895 CUNCTANTI
786 835 846 893 in
876 834 1095 918 oppidis
1127 835 1383 919 Campass

13 951 23 996 3·
100 916 204 976 niae
224 964 242 990 ,
277 942 573 1001 ecquonam
604 918 782 977 modo
806 918 1029 978 Urbem
1058 920 1378 1002 ingredere-

12 1017 20 1039 ’-
102 1020 190 1059 tur
210 1006 236 1081 ἓ
284 1026 355 1062 an
394 1001 728 1083 obsequium
774 1000 990 1062 senatus
1016 1050 1033 1075 ,
1088 1026 1160 1061 an
1202 1003 1380 1063 studia

17 1135 20 1138 ,
101 1082 280 1167 plebis
304 1087 571 1169 reperiret
593 1086 757 1144 anxio
781 1132 798 1158 ,
829 1086 1022 1144 contra
1044 1086 1381 1146 deterrimus

102 1166 366 1249 quisque,
389 1192 632 1251 quorum
655 1193 771 1227 non
792 1168 898 1227 alia
917 1171 1068 1252 regia
1083 1167 1379 1228 fecundior

15 1249 20 1263 '
102 1253 306 1312 exstitit
326 1301 343 1326 ,
379 1251 670 1313 ‹cinvisum
691 1252 1015 1335 Agrippinae
1040 1276 1254 1312 nomen
1271 1301 1288 1326 ,
1319 1262 1381 1314 δε

98 1357 328 1396 :omorte
358 1345 474 1420 ejus
508 1334 800 1396 accensum
837 1334 1031 1418 populi
1063 1334 1317 1396 favorem
1334 1361 1385 1395 »ε

16 1426 22 1494 ξ
99 1416 384 1481 differunt.
442 1424 602 1481 oeIret
648 1419 959 1502 intrepidus
986 1467 1003 1492 ,
1054 1428 1112 1481 δέ
1151 1443 1381 1480 venera-

17 1509 21 1570 }
98 1503 362 1563 notionem
396 1502 478 1564 sui
511 1526 701 1563 coram
735 1504 1148 1586 experiretur».
1199 1503 1380 1563 Simul

19 1589 21 1592 ’
76 1587 476 1670 ,ταρῑεεὲῑεάἰω
513 1584 813 1669 exposcunt
837 1634 853 1658 ‚
892 1596 950 1646 &
993 1588 1385 1669 promptiora,

100 1670 275 1750 quam
327 1670 694 1753 promiserant
721 1717 738 1741 ‚
787 1670 1083 1728 inveniunt
1122 1694 1134 1726 :
1187 1670 1381 1729 obvias

103 1751 315 1825 tribuS,
359 1751 498 1814 festo
540 1752 695 1811 cultu
735 1750 1030 1812 senatum:
1073 1760 1382 1835 conjugum

103 1859 165 1895 ac
184 1836 491 1896 liberorum
513 1837 740 1918 agmina
759 1859 856 1918 per
873 1834 1063 1896 sexum
1084 1845 1142 1896 δε
1158 1838 1383 1896 aetatem

46 1949 59 1957 *
101 1917 387 2002 disposita:
409 1921 702 1980 exstructos
718 1966 735 1991 ‚
757 1920 866 2000 qua
887 1919 1175 1978 incederet
1195 1967 1212 1992 ,
1232 1918 1383 2002 spec-

101 2002 414 2064 taculorum
452 2003 651 2086 gradus
676 2050 692 2075 ‚
736 2026 851 2083 quo
892 2002 1068 2062 modo
1108 2003 1384 2084 triumphi

102 2084 366 2148 visuntur.
416 2088 565 2146 Hinc
597 2084 860 2169 superbus
885 2133 902 2159 ‚
942 2109 1003 2145 ac
1034 2086 1244 2169 publici
1273 2085 1383 2147 ser-

104 2170 229 2229 vitii
250 2171 427 2229 victor
447 2218 466 2243 ‚
494 2169 847 2253 Capitolium
876 2170 1047 2242 adiit,
1086 2191 1265 2252 grates
1292 2193 1383 2230 ex-

102 2251 267 2314 solvit
293 2276 311 2331 3
351 2251 517 2335 seque
543 2254 604 2312 in
626 2277 824 2314 omnes
853 2252 1116 2312 libidines
1140 2251 1340 2314 effudit
1361 2303 1378 2327 ‚

105 2360 239 2419 quas
267 2336 412 2395 male
443 2338 707 2397 coercitas
736 2335 1158 2419 qualiscumque
1185 2339 1380 2397 matris

107 2422 417 2482 reverentia
457 2420 786 2480 tardaverat.

186 2504 350 2564 XIV.
388 2505 588 2565 Vnus
613 2503 697 2562 illi
722 2504 881 2587 copia
905 2525 1020 2563 erat
1047 2551 1063 2576 ‚
1103 2500 1378 2561 curriculo

103 2587 503 2671 quadrigarum
518 2587 795 2670 insistere3
822 2611 925 2650 nec
947 2586 1133 2648 minus
1158 2583 1380 2643 foedum

1078 2670 1207 2730 Hv
